4658 6442
129 292 199 364 sna
278 226 285 237 ’
450 229 1780 359 nsonsmenonsnsrsnscsossi.cnsssr.1.n.snaa.
1995 251 2092 351 'au

128 460 232 515 Petrus
255 457 367 510 divinos
385 456 530 524 spostolus
558 456 651 517 (cuius
668 448 831 505 cathedram
848 447 951 504 eortlta
968 457 1012 502 est
1028 464 1090 501 san·
1131 464 1187 499 non
1205 448 1388 515 pergratiam
1403 462 1567 511 munerum,
1583 448 1633 501 sed
1649 465 1698 516 per
1714 429 1877 518 diligentem
1891 449 1969 517 prius
1984 447 2089 502 discus·

128 532 213 582 ntitas
231 527 339 592 restra)
357 532 491 592 tanquam
511 523 652 575 Simonem
672 537 782 588 magum
796 521 920 588 deponit.
946 518 1101 583 Etinsras'
1131 514 1364 576 sionem,deinde
1380 517 1595 589 peanultnrum
1610 520 1799 568 testimonium
1813 518 1932 569 clericos
1946 517 2086 570 ordinare.

128 595 402 665 §11-'l'olcrsbilior
429 599 472 643 est
495 592 568 643 enim
587 589 745 641 Macedonii
765 595 794 640 et
810 603 923 648 eorum,
947 590 994 656 qni
1012 589 1088 638 circa
1198 584 1327 636 Gratias.
1364 585 1408 632 lic
1439 586 1487 633 illa
1512 591 1672 634 auctoritate
1698 589 1731 635 ll.
1757 588 1887 636 ,ιιιινιιιϊ
1911 595 1936 635 et
1964 588 2090 649 Gregorii

127 668 220 732 ipsunt
246 669 326 725 sunt,
349 661 472 728 Spiritus
496 660 585 709 sancti
603 659 830 724 impugnatorum
849 658 935 720 inopia
951 654 1087 707 haeresis.
1126 661 1218 714 patet,
1242 656 1310 715 pund
1332 656 1472 702 simoniaci
1493 656 1573 712 (sicut
1598 663 1624 702 et
1641 656 1693 703 alii
1708 657 1849 714 baeretici)
1874 672 1892 702 a
1903 653 1962 716 fide
1979 656 2086 703 erardi·

128 733 173 785 liii
192 732 267 782 enim
284 736 443 781 creaturam
463 734 492 777 et
511 738 621 778 serrum
641 725 694 776 Dei
713 723 804 776 l'stris
824 732 853 775 st
872 723 933 775 Filii
951 725 1086 790 Spiritum
1130 729 1207 781 tant,
1232 731 1259 770 et
1281 724 1337 770 ideo
1364 731 1552 786 consequenter
1570 725 1601 770 de
1623 725 1675 774 illr's
1696 726 1867 790 intelligitur,
1891 726 1960 786 quod
1977 725 2008 772 de
2025 725 2088 775 aliis

128 807 258 852 sanctum
279 796 426 849 delirando
445 793 586 855 intentur,
610 794 656 844 isti
675 807 742 844 vero
761 790 879 843 eundem
897 791 1031 858 Spiritum
1044 791 1087 858 11)
1129 792 1289 838 decernitur.

128 867 256 921 efficiunt
278 880 360 916 suum
385 878 506 915 servum.
544 859 640 912 Omnis
660 864 733 912 enim
752 859 972 927 dominosquod
992 858 1086 922 habet,
1196 856 1242 909 lV.
1267 855 1368 909 Pars.
1404 855 1425 923 5.
1443 858 1467 910 1.
1490 859 1732 921 Itemnppnnitur,
1750 861 1820 920 pund
1831 858 2088 921 propbetiadnnuns

128 938 154 988 si
172 935 240 996 ruit,
258 933 363 994 rendit,
380 934 439 983 sire
457 944 568 981 serrum
587 930 646 980 sire
664 927 769 994 aliquid
788 927 864 978 aliud
884 943 992 990 eorum,
1012 941 1086 994 quae
1129 926 1246 987 Spiritus
1263 929 1355 975 sancti
1370 933 1425 984 est,
1443 927 1510 975 laec
1526 934 1615 975 autem
1633 930 1661 974 in
1679 930 1765 975 oeteri
1780 935 1934 976 testamento
1952 944 1970 976 o
1987 930 2087 978 sanetis

128 1002 266 1073 possidet.
301 1000 437 1053 Similiter
460 1004 489 1050 et
508 1000 554 1065 qui
573 997 657 1056 emit,
682 995 812 1047 dominus
830 997 890 1046 eius
907 996 1004 1048 rolens
1023 1009 1085 1046 osse
1125 994 1262 1055 propinetis
1285 995 1365 1042 nendi
1386 1003 1570 1044 consueuerat.
1610 994 1683 1043 Unde
1710 996 1779 1042 sant
1804 997 2012 1045 anennoeton
2035 1011 2086 1058 pre
2174 1042 2178 1048 .

128 1070 206 1140 quoti
231 1070 347 1129 emerit,
374 1082 424 1134 per
449 1067 569 1133 pretium
590 1065 727 1132 pecuniae
743 1063 812 1114 illud
831 1065 961 1130 acquirit.
996 1063 1039 1112 lta
1058 1069 1088 1112 et
1129 1064 1254 1110 ratr'cinio
1272 1065 1417 1123 eupaterio
1438 1079 1490 1112 non
1503 1067 1625 1112 nisicunr
1640 1078 1747 1111 munere
1759 1065 1799 1110 ire
1814 1068 1985 1125 premonuit.
2011 1065 2089 1113 Uxor

128 1141 178 1208 qui
202 1135 275 1189 bauo
300 1137 424 1204 iniquam
446 1135 586 1185 actionem
610 1137 777 1198 operantur,
801 1129 954 1182 detrabunt
970 1129 1086 1196 Spiritui
1130 1133 1208 1178 etiem
1227 1130 1387 1177 Hieroboam
1411 1133 1450 1178 ad
1472 1132 1601 1179 borninem
1621 1132 1676 1178 nen·
1697 1147 1750 1178 non
1770 1133 1824 1179 uisi
1844 1147 1901 1178 cum
1920 1148 2027 1181 mernere
2044 1147 2089 1181 ac·

128 1213 244 1268 sancto,
277 1205 435 1272 aequaliter
465 1209 614 1267 peccantes
645 1196 705 1261 his,
738 1200 785 1266 qul
811 1195 1086 1265 blasphemaverunt,
1130 1201 1217 1247 cessit.
1254 1199 1320 1246 ltenn
1340 1199 1461 1247 Cin-istus
1485 1216 1503 1247 n
1521 1201 1591 1248 Iuda
1610 1200 1730 1248 conditus
1751 1201 1900 1247 auriculam
1917 1203 1989 1249 serni
2005 1214 2089 1250 sana·

128 1271 326 1339 dieentesw),
351 1269 490 1323 Christum
515 1269 542 1318 in
561 1267 721 1319 Beelzebub
744 1268 847 1318 eiicere
873 1265 1087 1327 daemonia⁹¹),
1129 1269 1175 1317 nit.
1209 1265 1338 1328 Erernplo
1360 1269 1448 1328 itaque
1464 1268 1555 1316 Saulis
1573 1276 1599 1316 ct
1615 1270 1711 1316 uxoris
1729 1267 1889 1314 Hieroboam
1907 1276 1999 1329 patet,
2021 1268 2091 1329 quod

129 1350 161 1394 at
182 1357 226 1403 ue,
245 1346 277 1392 ut
290 1341 383 1391 verius
401 1338 536 1397 dicantus,
553 1335 639 1386 ludas
658 1341 857 1400 comparantur
875 1335 1019 1402 proditori,
1040 1334 1088 1400 qui
1129 1337 1223 1382 dennuni
1248 1335 1364 1396 Spiritus
1389 1338 1480 1383 saneti
1500 1352 1585 1385 emere
1608 1337 1651 1384 cel
1673 1338 1784 1383 uendere
1805 1350 1857 1384 non
1880 1343 1919 1384 est
1940 1344 2088 1398 peccatum.

128 1358 241 1462 labaris
261 1408 368 1473 Dei⁹²)
389 1404 563 1458 occisoribus
579 1399 718 1454 Christum
738 1401 872 1453 vendidit.
907 1402 998 1465 Quum
1018 1415 1086 1468 ergo
1129 1403 1257 1462 Eaernpln
1277 1403 1379 1452 coristi
1396 1405 1494 1464 liquet,
1521 1407 1591 1467 quod
1610 1405 1725 1465 Spiritus
1742 1411 1866 1461 sanctus,
1888 1406 1941 1451 etsi
1955 1407 2051 1454 iniuste
2069 1419 2089 1452 a

129 1479 251 1545 Spiritus
288 1481 403 1526 sanictos
441 1470 688 1524 consubstantialis
726 1472 764 1521 sit
797 1469 924 1532 Christo,
959 1469 1085 1521 eiusdem
1129 1473 1281 1520 simoniacis
1302 1472 1402 1521 venalis
1422 1480 1548 1536 putetur,
1572 1473 1679 1521 uirtutis
1702 1479 1790 1518 tannen
1806 1487 1871 1520 sune
1890 1487 1943 1519 non
1960 1473 2089 1521 obliciaci-

127 1547 259 1597 *omnino
285 1546 328 1594 etl
354 1544 405 1610 ipsi
429 1541 566 1608 portionis
592 1544 684 1590 errent.
718 1538 755 1588 Et
781 1537 966 1604 proculdubio
993 1538 1021 1588 in
1046 1537 1087 1586 eis
1130 1548 1189 1600 tur,
1217 1555 1265 1587 nee
1290 1541 1387 1588 desinit
1413 1539 1536 1601 effectum
1558 1555 1625 1589 eneae
1647 1544 1755 1600 gratiae
1773 1543 1854 1587 etiam
1870 1543 1991 1589 venditus
2008 1555 2088 1602 prae·

128 1628 187 1666 non
208 1620 252 1665 est
272 1611 364 1680 gratia
381 1609 502 1677 Spiritus
519 1607 626 1670 suncti,
651 1605 679 1657 id
700 1612 744 1655 est
768 1605 920 1657 sacerdotii
941 1607 1086 1656 sanctitas.
1129 1614 1212 1656 stare.
1257 1608 1362 1656 Sedete
1385 1608 1525 1669 prophetia
1549 1607 1583 1658 B.
1607 1607 1859 1673 Hieronymus
1886 1611 1914 1656 in
1939 1625 1961 1659 c.
1980 1606 2087 1674 3.¹⁰²).

128 1680 203 1735 Nam
226 1679 303 1746 quod
328 1686 383 1728 noo
409 1681 581 1742 aeceperunt
603 1689 658 1725 non
682 1669 796 1724 hubent.
832 1674 876 1725 sis
894 1675 967 1725 enim
985 1672 1087 1724 Petrus
1131 1675 1270 1724 bliebueue
1294 1684 1470 1736 conpetenter
1492 1679 1586 1738 soluit,
1619 1677 1703 1724 malos
1729 1683 1832 1724 tantum
1857 1680 2004 1742 accepisse,
2035 1690 2089 1727 non

130 1748 227 1803 Simon
237 1747 297 1812 ⁹³):
317 1747 376 1794 n'nn
390 1755 429 1795 est
445 1747 495 1794 tibi
505 1757 573 1806 pars
590 1757 674 1805 neque
690 1757 748 1791 sors
766 1745 794 1790 in
811 1756 930 1791 terrenae
947 1745 1008 1807 ιἰιι,
1024 1745 1088 1804 pua'a
1130 1745 1208 1792 bonos
1226 1745 1407 1794 denuncians:
2110 1746 2113 1752 '

129 1817 297 1867 existimanti
316 1816 410 1862 donum
429 1815 483 1860 Hei
497 1814 611 1874 pecunia
626 1811 767 1872 possideri.
801 1810 845 1859 Et
868 1825 997 1871 surpra:
1021 1808 1043 1877 5.
1061 1809 1087 1861 2.
1131 1844 1161 1895 c·
1178 1842 1282 1895 xxm,
1318 1844 1388 1894 Μαι..

130 1883 203 1938 Num
225 1889 255 1934 et
272 1882 421 1932 vicesimus
439 1886 528 1932 nortus
546 1893 634 1929 canon
654 1883 815 1928 sanctorum
837 1877 1039 1944 apostolorum,
1059 1882 1089 1927 et

96 1954 105 1961 '
128 1953 216 2006 betas
243 1947 414 2012 eorundem,
445 1954 473 2000 et
498 1948 599 1998 tertius
625 1951 655 1998 et
678 1951 795 2012 quartus
822 1945 895 1997 liber
921 1945 1089 2012 Regnorum,
1131 1910 1301 1992 rriudi⁰0³r“
1325 1929 1429 2008 11151111,
1450 1929 1578 1990 »0111110
1598 1929 1760 1979 muntiibm
1778 1927 1955 1990 iudicabant,
1973 1929 2089 2007 *⁰⁹9⁸-

129 2018 255 2072 alisnom
280 2017 394 2068 omnino
420 2029 437 2066 s
460 2013 620 2066 sacerdotio
648 2014 834 2080 pronunciant
847 2026 921 2064 eum
931 2050 939 2076 ,
970 2013 1017 2081 qui
1042 2011 1091 2063 ali·
1132 1995 1538 2077 ,111111111111111111111111110111
1557 1997 1782 2077 111100100111111)
1807 2002 1836 2046 ii
1855 1995 2087 2077 010015111111111111

130 2085 244 2156 quando
270 2084 381 2136 dederit
399 2083 444 2135 rel
464 2085 605 2149 acceperit
623 2082 769 2147 pecuniam
788 2083 816 2131 in
834 2081 928 2148 aliquo
949 2084 1086 2147 tempore,
1133 2080 1160 2144 111,
1183 2063 1506 2144 [11111111115111111111111115]
1533 2072 1670 2144 0111111111
1676 2064 1840 2145 ,1101111111111
1864 2062 2089 2144 iell¹0⁸⁰⁰b²¹¹it

129 2156 192 2208 sins
219 2157 285 2205 unte
309 2167 409 2204 uranus
428 2152 652 2218 impositionem,
675 2150 748 2202 *sire
766 2151 793 2199 in
811 2150 873 2215 ipsa
890 2164 988 2199 nsanos
1006 2150 1091 2214 impo-
1134 2131 1274 2183 dicentes:
1301 2132 1401 2183 Nonne
1418 2131 1555 2211 Dononus
1572 2148 1599 2182 m
1619 2133 1699 2183 nobis
1717 2131 1779 2183 esti
1800 2147 1855 2216 ¹¹⁰.'.¹
1872 2138 2088 2212 terirentsuper

130 2224 266 2284 sitione?
289 2221 349 2273 sire
373 2221 500 2290 portat).
540 2218 674 2285 Accipere
700 2218 774 2270 emm
800 2223 843 2269 est
867 2215 1090 2286 quandocunque
1134 2214 1186 2250 11111
1199 2198 1258 2279 roo)
1285 2199 1368 2251 11111111·
1390 2198 1518 2280 ,11111110
1544 2209 1658 2268 limitis
1680 2199 1799 2280 ‘'⁰⁸‚¹⁰⁴i
1823 2201 2088 2280 ’310151111111113111

128 2292 270 2359 accipere,
1134 2266 1276 2329 arabitur,
1309 2274 1337 2318 et
1360 2267 1538 2318 Hierusalem
1570 2274 1602 2318 ut
1631 2268 1761 2320 custodia
1786 2269 1973 2335 pontaru¹⁰⁵)
2000 2268 2089 2318 eructi

1134 2335 1223 2387 Nemo
1248 2335 1451 2403 aotbigit¹⁰⁶),
1476 2335 1654 2386 llierusalem
1678 2343 1794 2403 propter
1816 2336 1939 2397 scelera,
1964 2349 2036 2403 quae
2059 2334 2089 2387 in

146 2393 178 2447 c·
196 2389 285 2445 xxii·
318 2389 355 2438 Ei
370 2389 418 2451 iffi
432 2389 488 2450 (Μ)
508 2395 536 2438 ⁶³
551 2388 598 2449 ⁹⁸⁶
613 2388 719 2449 “iiiii‘’
737 2393 768 2434 “i
783 2388 889 2438 1111111191
905 2390 1074 2449 ‘wilini‘
1134 2401 1187 2455 hoe
1205 2402 1328 2468 capitulo
1346 2401 1622 2467 describuntnr¹⁰⁷),
1640 2402 1727 2455 inisse
1745 2403 1917 2454 srrbversam.
1944 2403 2094 2467 litinsrat·

439 2463 560 2534 '‘iiii'’
578 2455 724 2502 mmm
741 2457 785 2535 ¹1⁸⁸·
1119 2471 1155 2538 75.
1172 2474 1195 2524 t.
1214 2469 1332 2522 Poterat
1357 2471 1481 2536 *utiquo*
1504 2471 1604 2522 Petrus
1628 2471 1734 2539 Simoni
1760 2485 1842 2538 maga
1866 2468 1987 2523 rendere
2012 2468 2088 2540 quod

252 2521 819 2575 1111101001111110Β111111111111111·
845 2536 870 2574 ⁰·
889 2520 970 2588 3·⁹⁵)
1134 2538 1263 2606 petebam
1290 2541 1349 2589 imo
1376 2543 1489 2605 poterat
1513 2539 1717 2607 simulare¹⁰⁸)
1741 2540 1924 2599 vendentem,
1955 2539 2099 2606 (Spiritus

127 2590 266 2670 Placuit,
299 2612 331 2657 ut
366 2605 402 2657 dc
428 2604 605 2657 ordinatione
630 2606 796 2656 clericorum
822 2605 947 2671 episcopi
973 2618 1091 2655 munera
1134 2608 1207 2656 enim
1234 2615 1349 2657 sanctus
1375 2620 1427 2656 nee
1454 2607 1692 2672 venundari¹⁰⁹)‚
1724 2621 1776 2657 nec
1800 2608 1854 2657 cmi
1881 2609 2003 2671 potest);
2036 2604 2087 2658 sed

122 2677 209 2733 ,nulla
233 2676 390 2740 accipiant,
415 2673 480 2731 scd,
506 2675 580 2723 sicut
604 2675 740 2739 scriptum
765 2674 876 2735 est⁹⁶),
903 2671 978 2739 quud
1001 2673 1092 2739 gratis
1134 2674 1257 2724 oblatam
1279 2675 1422 2740 pecuniam
1441 2689 1503 2724 curo
1522 2673 1659 2724 offerente
1677 2674 1828 2724 damnavit.
1863 2676 1899 2722 Et
1913 2678 1994 2736 pratulo
2010 2682 2088 2737 post:

130 2742 262 2796 donante
280 2743 342 2793 Deo
375 2742 518 2807 accipiunt
547 2741 637 2808 gratis
669 2740 746 2791 dent.
793 2738 855 2790 Non
880 2739 974 2807 aliquo
1000 2741 1090 2807 pretio
1133 2742 1156 2807 5.
1171 2742 1195 2794 i.
1213 2741 1272 2792 sac
1289 2755 1446 2809 quenquam
1466 2749 1576 2793 moreat
1590 2741 1667 2799 illud,
1686 2741 1759 2808 qnod
1775 2744 1801 2791 in
1816 2743 1904 2806 primo
1920 2742 2088 2810 llegum¹¹⁰l

128 2813 225 2882 gratia
245 2811 352 2876 Dei⁹⁷)
370 2815 398 2860 ct
416 2809 557 2875 impositio
577 2823 708 2858 stannum
727 2807 920 2868 venundetur,
939 2808 1004 2874 quia
1018 2809 1091 2857 anti·
1134 2809 1204 2860 libro
1229 2807 1364 2876 legimus,
1389 2808 1502 2861 Saulem
1526 2809 1665 2860 nolentem
1689 2811 1730 2860 irs
1752 2808 1787 2860 ad
1806 2808 1964 2860 Samuelem
1983 2809 2086 2862 dixisse

128 2882 189 2948 qua
218 2878 344 2931 delinitio
371 2877 486 2927 l'atrum
517 2877 557 2925 ita
580 2875 616 2927 de
640 2875 840 2927 ecclesiasticis
867 2875 1091 2927 ordinationibus
1134 2891 1220 2944 puero
1244 2893 1312 2937 suo,
1337 2876 1372 2927 ad
1399 2891 1462 2928 eum
1487 2892 1517 2928 ss
1542 2879 1583 2928 ire
1604 2892 1657 2928 non
1675 2890 1772 2942 posse,
1801 2879 1865 2944 quia
1886 2876 2087 2945 pretium¹¹¹),

95 2978 98 2982 ,
128 2947 246 3009 statuit,
275 2945 439 3011 dicensiilc
469 2944 619 2992 Auatiema
639 2946 675 2993 sit
698 2946 777 2993 danti
796 2953 823 2992 et
841 2947 991 3007 accipienti.
1028 2942 1092 2994 Pro·
1134 2945 1208 3012 quod
1234 2942 1350 2996 offerret
1374 2958 1425 3010 pro
1448 2945 1596 3008 vaticinio,
1624 2960 1679 2996 non
1704 2941 1837 3008 haberet,
1862 2951 1891 2995 ct
1910 2959 2026 3010 puerum
2045 2958 2088 2996 re·

25 3058 29 3063 .
128 3021 249 3087 pterea,
277 3015 343 3081 quia
362 3012 498 3079 aliquanti
516 3013 610 3062 multis
628 3011 782 3062 sceleribus
801 3011 911 3074 obruti,
935 3016 1033 3062 salicto
1054 3010 1091 3062 al·
1134 3011 1298 3080 eporediensi
1329 3014 1397 3062 Eece
1420 3017 1527 3063 inventa
1550 3023 1592 3063 est
1613 3017 1739 3062 inmanis
1758 3029 1816 3061 mea
1834 3021 1933 3075 potoria
1945 3029 2011 3075 pars
2030 3014 2092 3063 sicii

128 3084 205 3135 tario
222 3082 337 3150 indigne
356 3081 556 3139 orinistrantes,
574 3095 629 3130 non
647 3077 753 3148 tirou)
773 3081 934 3131 testimonio
953 3080 1089 3130 hortorum
1129 3083 1275 3143 pecuniae,
1303 3088 1330 3129 et
1352 3084 1418 3130 dabo
1445 3084 1501 3131 ciro
1527 3081 1593 3143 Dei,
1621 3091 1646 3130 et
1668 3084 1842 3131 annunciabit
1859 3085 2019 3132 nobisriarn
2041 3098 2090 3131 no-

129 3150 321 3215 sctuam¹⁰⁰),
340 3147 392 3200 sed
409 3146 572 3216 prolusione
591 3161 737 3199 munerum
754 3147 890 3212 obtinent,
909 3154 1021 3215 oportet
1033 3150 1092 3214 i⁰¹)
1132 3158 1226 3200 stram.
1269 3146 1331 3202 Son
1358 3152 1431 3201 enim
1453 3150 1589 3217 seriptum
1614 3156 1674 3214 est,
1701 3149 1776 3218 quod
1800 3149 1914 3202 Samuel
1938 3150 2090 3219 acceperit,

665 3268 1059 3335 oo'rnrronss
1104 3282 1552 3336 eortnscronum.

130 3366 265 3423 corniolen
282 3365 429 3433 loquimini
450 3364 486 3417 ati
505 3379 554 3416 cor
570 3366 759 3429 Hierusalem,
780 3382 926 3429 rursusque
944 3371 1086 3415 minantem
1131 3372 1206 3418 cinus
1223 3371 1382 3431 admittunt,
1403 3378 1524 3418 sanctum
1543 3371 1693 3431 deprimunt
1708 3369 1852 3431 Spiritum,
1876 3384 1959 3431 aeque
1974 3384 2089 3431 pereas·

128 3455 165 3489 ae
188 3440 314 3486 dicentem
325 3438 366 3500 'lt
402 3435 431 3486 si
461 3433 622 3500 speculator
644 3435 746 3486 viderit
770 3434 894 3503 gladium
921 3437 1088 3497 venientem,
1131 3446 1170 3486 tes
1189 3445 1270 3499 atque
1290 3430 1344 3496 ilii,
1361 3440 1408 3498 qui
1421 3439 1554 3487 Obristum
1573 3441 1599 3486 in
1615 3438 1760 3485 Beelzebub
1777 3441 1871 3486 eiicere
1891 3430 2090 3487 uaemnnia'nre
2118 3483 2121 3488 .

129 3512 162 3559 ct
186 3519 241 3556 non
268 3504 424 3554 insurmcrit
446 3501 581 3564 buccina,
608 3507 637 3553 et
655 3502 772 3570 populus
790 3519 821 3554 sa
839 3519 893 3553 non
912 3502 1086 3563 custodierit,
1131 3507 1279 3568 blasphemo
1305 3507 1439 3567 dicebant,
1465 3508 1522 3568 nel,
1549 3515 1577 3554 ιιι
1601 3509 1689 3554 verius
1716 3508 1817 3568 dicam,
1851 3507 1935 3554 Iudae
1957 3508 2092 3568 proditori

128 3573 297 3639 veneritque
317 3569 443 3638 gladius,
469 3569 613 3620 attulerit
634 3569 668 3621 de
688 3572 728 3621 eis
746 3573 882 3632 animant,
908 3570 956 3621 illo
974 3569 1086 3636 quidem
1130 3581 1194 3622 sunt
1215 3575 1329 3632 similes,
1356 3576 1404 3635 qui
1425 3576 1478 3621 Dei
1501 3575 1712 3637 interfectoribus
1742 3576 1847 3623 Iudaeis
1873 3579 1981 3636 argenti
1999 3576 2088 3637 prelio

127 3642 159 3693 ln
182 3640 331 3708 iniquitate
357 3652 407 3686 sua
431 3646 528 3703 captus
556 3643 614 3700 est,
647 3639 810 3706 sanguinem
840 3644 934 3689 autem
967 3642 1027 3689 eius
1051 3636 1086 3688 de
1131 3643 1273 3690 Donuiuum
1288 3644 1419 3691 nennn'dit.
1464 3645 1574 3702 Quando
1600 3646 1682 3705 igitur
1706 3643 1821 3705 Spiritus
1845 3651 1954 3692 sanctus
1979 3643 2088 3693 consub-

128 3721 216 3761 manu
234 3706 419 3775 speculatoris
437 3706 594 3771 requiram:
618 3706 696 3755 buius
722 3709 821 3770 igitur,
848 3723 914 3769 puae
931 3722 967 3755 ea
985 3708 1087 3756 silentio
1129 3712 1265 3760 stantialis
1284 3718 1324 3759 est
1342 3711 1446 3759 Claristo
1468 3711 1524 3759 Deo
1543 3720 1650 3772 nostro,
1666 3715 1833 3774 perspicuant
1850 3716 2026 3772 nonnionem,
2045 3725 2089 3762 eos

129 3779 264 3838 imminet,
292 3775 517 3823 condemnationis
541 3783 624 3836 eructu,
654 3777 770 3823 omnbus
794 3791 901 3838 earum,
925 3791 994 3836 quae
1017 3776 1089 3835 apud
1130 3782 1157 3826 in
1175 3781 1265 3827 eodem
1280 3786 1361 3839 parte
1371 3795 1412 3826 ac
1429 3787 1501 3827 sorte
1518 3782 1693 3829 nunnerandot
1712 3797 1776 3840 esse,
1795 3789 1825 3829 ut
1841 3782 2087 3829 demonstrauimus.

129 3860 180 3896 ιιιι
195 3851 274 3909 sunt,
292 3844 462 3890 ecclesiarum
479 3844 627 3906 praefectis
644 3839 857 3906 annunciamus,
874 3847 913 3892 ita
930 3851 960 3891 ut
969 3841 1088 3903 fidenter
1132 3850 1208 3906 Quod
1222 3850 1248 3895 si
1262 3863 1315 3894 non
1333 3849 1464 3906 conditur,
1482 3851 1696 3909 quernadrnodurn
1713 3859 1783 3898 certe
1801 3865 1853 3896 non
1871 3851 2002 3906 uenditor,
2020 3863 2088 3896 cons·

127 3914 248 3965 diuinum
273 3911 424 3972 Apostolum
435 3910 475 3975 *1)
507 3912 641 3959 imitantes
673 3913 804 3975 dicernat,
839 3913 929 3960 mundi
956 3927 1045 3960 suemus
1070 3927 1088 3958 a
1127 3918 1305 3976 pertissimum
1328 3931 1429 3977 quoque
1451 3925 1505 3978 ert,
1533 3920 1561 3963 in
1579 3920 1638 3966 istis
1654 3920 1745 3966 sancti
1762 3918 1879 3978 Spiritus
1898 3919 2015 3977 gratiane
2034 3930 2088 3964 non

129 3982 262 4045 sanguine
279 3995 384 4041 eorunm,
404 3979 450 4038 qui
466 3981 702 4040 transgrediuntur·
717 3982 861 4028 canonicas
880 3981 1088 4038 constitutiones,
1130 3999 1186 4032 esse
1206 3992 1255 4031 aut
1279 3986 1424 4032 sacerdotii
1445 3984 1702 4045 sanctificationem,
1730 3987 1908 4046 etquodnam
1929 3990 2090 4045 acceperunt

129 4059 158 4100 et
175 4050 256 4097 stulto
276 4050 481 4110 reugiosorum,
506 4049 553 4107 qui
573 4048 606 4094 ob
624 4052 753 4109 pecunias
771 4050 964 4097 ordinaverunt
979 4056 1030 4096 aut
1046 4063 1087 4095 or·
1131 4068 1182 4099 non
1199 4052 1304 4100 babent.
1340 4051 1509 4099 Meminerint
1527 4054 1554 4100 S.
1573 4054 1651 4100 Petri
1665 4054 1702 4099 ad
1717 4068 1791 4112 eum,
1808 4054 1855 4114 qui
1870 4053 1898 4098 id
1910 4057 2088 4113 procurarat,

128 4119 220 4170 dinati
234 4123 312 4178 sunt,
331 4117 423 4176 qnippe
441 4129 519 4175 puuru
535 4115 648 4178 Petrus,
666 4119 769 4166 dininas
788 4118 831 4165 ille
851 4117 994 4176 apostolus,
1013 4118 1087 4163 cuius
1130 4120 1179 4167 boc
1203 4122 1276 4167 moda
1302 4121 1411 4169 dicentis
1424 4119 1471 4183 †):
1506 4117 1568 4170 Non
1594 4125 1638 4170 cst
1663 4119 1714 4169 tibi
1740 4119 1820 4186 pars,
1852 4133 1942 4184 neque
1969 4132 2031 4171 sore
2057 4119 2087 4170 is

130 4194 157 4237 et
174 4183 328 4235 cathedram
345 4185 443 4231 sortita
460 4189 501 4230 est
517 4183 651 4245 fraterna
671 4193 760 4234 cestra
776 4189 925 4243 sanctitas,
944 4184 991 4234 bos
1009 4186 1087 4244 depo·
1131 4201 1260 4238 sermione
1285 4188 1349 4239 isto,
1390 4189 1459 4236 liam
1482 4190 1508 4236 si
1530 4190 1652 4237 venditur
1674 4190 1819 4237 sacerdotii
1840 4189 1970 4249 dignitas,
1996 4202 2088 4248 super-

128 4256 229 4313 suerit,
256 4261 285 4300 ιιι
301 4252 432 4300 Simonem
455 4266 568 4312 nsagum.
602 4254 750 4315 Propterea
767 4269 819 4301 non
837 4256 1000 4316 refugimus,
1025 4254 1088 4314 quin
1131 4272 1218 4304 uacua
1243 4259 1326 4317 igitur
1350 4257 1423 4316 apud
1448 4259 1520 4317 ipsos
1544 4264 1586 4304 est
1601 4257 1713 4304 honesta
1734 4259 1804 4305 uitae
1821 4257 1952 4304 institutio
1974 4263 2000 4303 et
2013 4257 2088 4317 puri·

129 4325 270 4374 ceritatem
291 4321 489 4381 praedicemus,
514 4327 652 4368 seruantes
676 4337 709 4369 ac
733 4324 876 4371 retinentes
901 4337 950 4380 ea,
978 4336 1046 4383 quae
1070 4335 1088 4366 α
1131 4328 1196 4373 tatis
1224 4327 1382 4385 uirtutisque
1405 4325 1511 4383 cultus,·
1540 4338 1719 4384 superuacuus
1743 4326 1816 4386 apud
1839 4327 1908 4386 ipsos
1935 4331 1962 4372 et
1983 4325 2088 4375 Paulus

130 4393 232 4443 suctu
255 4397 280 4436 et
298 4391 470 4449 oniniquapue
485 4389 626 4439 benedictis
642 4391 768 4451 apostolis
785 4398 812 4438 et
827 4393 861 4438 ab
877 4391 977 4439 inclitis
994 4390 1087 4436 Patri·
1131 4395 1234 4447 elr'ninus
1252 4389 1464 4457 apostolus††),
1484 4395 1593 4452 doeens,
1615 4396 1747 4456 oportere
1765 4392 1925 4458 episcopum
1945 4405 2008 4443 csse
2027 4392 2088 4444 sinc

132 4461 179 4510 bus
204 4460 303 4508 nostris
325 4460 449 4505 canonice
472 4464 538 4503 sunt
555 4458 667 4506 tradita.
702 4458 739 4506 Et
754 4461 858 4519 siquid
873 4459 967 4506 borum
985 4459 1019 4505 ab
1036 4457 1088 4504 aii·
1132 4461 1263 4519 crimine,
1290 4465 1511 4527 temperantem,
1539 4458 1710 4522 modestum,
1737 4467 1832 4527 aptum
1858 4459 1894 4510 ad
1919 4458 2087 4523 docendum,

130 4530 222 4592 quibus
237 4527 364 4576 violatum
375 4532 423 4586 est,
441 4539 607 4573 aversamur.
624 4523 762 4573 Fraterno
780 4529 864 4588 igitur
881 4534 972 4575 nestra
988 4540 1087 4574 aarum
1131 4529 1337 4586 continentem,
1360 4526 1501 4591 sobrium,
1524 4526 1699 4577 insistentem
1719 4525 1794 4577 tidcli
1812 4525 1965 4578 secundom
1984 4526 2087 4578 dtrctri·
2107 4553 2114 4566 ·

131 4597 281 4647 sacerdotio
299 4607 445 4655 congruens
464 4595 610 4655 sanctitas,
627 4593 742 4655 legitime
759 4601 785 4641 et
801 4603 864 4656 apte
877 4597 914 4642 ad
928 4596 1087 4642 uoluntatem
1130 4602 1194 4646 nam
1219 4595 1357 4655 serntoni,
1382 4601 1414 4645 ut
1436 4602 1535 4661 potens
1552 4596 1588 4645 sit
1605 4601 1634 4645 ct
1653 4591 1795 4646 exhortari
1813 4597 1841 4645 in
1859 4594 1988 4646 doctrina
2005 4609 2086 4660 saon,

131 4666 186 4713 Hei
199 4663 390 4714 carmentalem
407 4659 647 4714 sanctificationem
664 4663 870 4722 adrninistrans,
889 4663 1011 4711 celebrem
1026 4664 1087 4709 ade·
1131 4670 1160 4715 et
1183 4662 1409 4713 contradicentes
1433 4661 1571 4714 refellere.
1607 4665 1725 4712 Pereunt
1748 4667 1832 4727 igitur
1855 4664 1921 4711 daec
1944 4667 2033 4712 omnia
2049 4676 2086 4714 es·

127 4741 180 4796 pta
208 4739 249 4781 est
272 4732 393 4793 gloriarm.
430 4729 512 4784 Dirit
537 4732 605 4777 enim
619 4745 670 4792 per
690 4730 917 4795 Propbetamttt)
938 4733 1042 4793 primus
1063 4738 1090 4777 et
1130 4749 1176 4795 eo,
1203 4733 1273 4793 quod
1295 4733 1474 4780 uacantium
1496 4734 1619 4781 venditur
1643 4740 1670 4780 et
1692 4735 1797 4783 emitur.
1841 4733 1979 4784 Subiectoe
2004 4735 2088 4795 igilur

132 4815 245 4863 magnus
260 4798 387 4861 pestifer
406 4797 543 4845 Christus:
572 4796 642 4848 Vivo
660 4812 729 4867 ogo,
747 4798 800 4848 nisi
818 4812 884 4862 eos,
904 4799 950 4865 qui
970 4812 1014 4848 nte
1031 4797 1088 4865 glo·
1130 4802 1278 4850 sententiae
1304 4814 1339 4848 es·
1363 4804 1466 4850 sanctis
1491 4802 1615 4849 collectae
1638 4803 1754 4850 alienum
1774 4805 1878 4849 omnino
1899 4817 1917 4848 a
1939 4803 2087 4850 sacerdotis

131 4870 259 4927 rilioant,
283 4863 459 4933 glorilicabo.
493 4866 670 4930 Neruesiae,
693 4869 768 4916 onir
784 4882 874 4916 eorum
890 4869 1088 4926 desideriorum,
1126 4870 1311 4930 pronunciant
1325 4884 1392 4930 eunt,
1412 4872 1459 4931 qui
1474 4885 1626 4932 qreocunpue
1642 4878 1758 4932 tempore
1775 4872 1876 4918 dederit
1891 4871 1933 4918 cel
1948 4871 2087 4930 acceperit,

130 4952 199 5000 quse
222 4937 341 4998 Spiritus
366 4940 443 4996 sunt,
477 4934 552 4996 longe
582 4936 785 4983 tolerabiliorem
811 4951 867 4984 esse
891 4936 1042 4984 Macedonii
1064 4943 1091 4982 et
1130 4941 1185 4987 sioe
1202 4944 1266 4986 ante
1282 4938 1493 4997 ordinationem,
1511 4942 1566 4988 sioe
1582 4942 1610 4986 in
1629 4941 1812 5000 ordinatione,
1830 4941 1886 4986 sine
1899 4945 1963 4999 post
1979 4939 2086 4985 ordina·

131 5019 237 5069 eorunt,
265 5005 312 5064 qui
332 5003 366 5050 ab
388 5003 447 5063 illo,
473 5004 564 5050 nancti
578 5003 693 5062 Spiritus
715 5006 927 5065 impugnatorum
946 5005 1087 5052 baeresim·
1130 5009 1237 5055 tionem.
1277 5005 1404 5068 Accipere
1427 5010 1494 5055 enr'rn
1522 5014 1561 5056 est
1585 5009 1793 5068 quandocunque
1816 5009 1943 5066 occipere.
1986 5006 2040 5052 Sed
2061 5012 2086 5053 et

129 5075 201 5122 Nam
226 5086 305 5134 quum
328 5072 369 5117 illi
382 5077 504 5118 sanetum
522 5071 649 5130 Spiritum
668 5073 722 5119 liei
739 5080 763 5121 et
780 5074 873 5122 Patris
889 5081 1042 5122 creaturam
1063 5079 1090 5120 et
1130 5089 1218 5124 omnes
1236 5075 1428 5124 ecclesiasticas
1444 5078 1632 5140 promotiones,
1652 5079 1679 5125 in
1697 5076 1790 5137 quibus
1804 5076 1919 5137 pecunia
1936 5074 2086 5137 interuenit,

130 5155 235 5192 cereum
253 5147 402 5202 nugentur,
418 5139 448 5185 bi
464 5153 539 5186 suum
556 5141 688 5200 ipsorum,
708 5149 836 5202 quantum
851 5150 967 5203 putant,
983 5155 1088 5190 seruum
1130 5146 1224 5193 irritas
1245 5157 1301 5191 esse
1320 5145 1418 5191 iubent.

131 5213 215 5271 ipsum
229 5211 353 5273 faciunt.
389 5207 478 5255 θιιιιιιι
503 5209 571 5254 enim
588 5209 717 5257 Dominus
742 5212 866 5272 quicquid
887 5211 982 5270 babet,
1009 5224 1088 5271 quum
1199 5211 1229 5261 C.
1249 5209 1347 5260 xxllt.
1383 5210 1408 5277 t)
1425 5209 1515 5275 Caput
1532 5205 1585 5260 boo
1603 5209 1631 5258 in
1647 5222 1703 5259 uno
1721 5211 1833 5258 vetusto
1852 5205 2004 5275 exemplari
2023 5219 2086 5258 con·

130 5279 367 5340 renunciarentur,
388 5278 443 5324 sinc
452 5277 601 5339 sonabam,
619 5281 674 5327 sine
691 5278 793 5340 aliquid
807 5280 884 5327 aliud
899 5295 935 5328 ne
949 5279 1001 5341 liis,
1020 5294 1089 5341 puae
1131 5281 1255 5329 iunctum
1282 5283 1326 5328 est
1348 5279 1502 5344 superiori,
1528 5282 1557 5327 et
1581 5275 1643 5327 loco
1669 5276 1775 5344 primae
1801 5275 1946 5326 dictionis:
1974 5277 2086 5339 ludices,

128 5349 253 5409 pmss'det.
301 5346 431 5394 Similiter
456 5351 484 5392 et
507 5347 554 5406 qui
577 5348 653 5410 emit,
680 5348 769 5396 nolens
791 5355 877 5396 enatae
903 5351 945 5396 rei
970 5349 1089 5397 dominus
1130 5347 1248 5414 legitur:
1274 5346 1382 5403 Ducess
1407 5341 1643 5413 quemadmodum
1669 5348 1713 5396 est
1737 5342 1811 5411 apud
1829 5341 1863 5394 B.
1880 5342 2087 5413 Hieronymum

125 5415 208 5476 fieri,
233 5416 344 5477 argenti
357 5415 445 5475 pretio
463 5427 522 5460 earn
542 5417 666 5477 acquirit.
700 5415 747 5465 Ita
761 5418 809 5478 qui
823 5416 873 5466 boc
890 5418 1026 5483 nefarium
1037 5416 1089 5482 sa·
1131 5416 1160 5466 in
1180 5413 1308 5465 versione
1323 5411 1411 5465 LXX.
1867 5442 1870 5449 ·

189 5585 352 5639 bonesti.
383 5584 410 5628 c.
426 5583 487 5626 ΧΧΙ.
509 5581 541 5636 11)
552 5583 640 5628 Euam.
654 5584 825 5631 odeum·
846 5582 1091 5638 tenetote—
1135 5582 1279 5626 -1rn.=
1307 5580 1333 5626 c.
1350 5580 1433 5624 xxur.
1456 5577 1997 5635 idilpectmiietltdd.coll.o.pr.lias.—
2027 5578 2088 5638 100)

131 5639 475 5696 uno)1neg.e.t.r.ao.-
496 5635 765 5696 †)Aet.c.8.r.tt.-
785 5639 1091 5702 ††)t'l'lm.c.a.s.t.·—
1132 5648 1189 5683 cos:
1205 5637 1320 5681 adlisa
1336 5658 1365 5668 -
1395 5634 1528 5691 tonnas:
1544 5638 1695 5691 sd.Arg.-
1726 5635 2087 5693 tornantem-sunnone.

131 5701 178 5754 89)
193 5697 261 5741 add.:
276 5699 397 5741 mucimus
412 5696 470 5741 Edu.
487 5696 541 5737 mu.
557 5706 578 5739 o.
595 5719 624 5728 -
645 5695 869 5752 alomeonem.
885 5722 914 5731 -
935 5697 1091 5753 eleaaoo-
1133 5705 1186 5739 exo.
1200 5693 1292 5747 Lugdu.
1307 5695 1336 5738 ll.
1352 5695 1392 5737 nr.
1414 5716 1443 5726 -
1480 5693 1539 5749 106)
1554 5695 1668 5748 annunt.-
1688 5693 1745 5738 Edd.
1761 5696 1813 5738 coll
1830 5705 1851 5737 o.
1875 5715 1903 5724 -
1933 5693 1992 5748 tor)
2006 5694 2089 5749 leptor-

130 5759 207 5800 ntton:
230 5754 273 5799 nd.
289 5755 345 5797 Bne.
366 5775 394 5785 -
423 5753 469 5804 et)
484 5751 553 5794 noent
567 5754 598 5795 alr
614 5753 671 5796 redd.
687 5756 742 5797 coll.
757 5767 778 5799 o.
795 5766 829 5809 pr.
845 5756 901 5799 Bas.
917 5777 946 5787 -
974 5753 1021 5808 iti)
1036 5754 1090 5798 Act.
1130 5748 2086 5804 carnaea-toeiunutotecnuerefflua.nas.ven.1!.1>nr.nupu.t.

130 5813 223 5857 c.ti.—
236 5810 283 5864 et]
295 5810 362 5853 add:
378 5819 460 5853 ntaoas
471 5809 653 5860 impositionem:
667 5810 727 5854 aad.
738 5812 795 5855 Bas.
809 5824 841 5857 ex
850 5813 911 5856 Ans.
926 5823 960 5854 =
975 5811 1001 5856 c.
1016 5810 1089 5853 xxii.
1131 5833 1160 5841 —
1181 5807 1292 5851 annelare
1305 5808 1421 5850 rendae:
1442 5807 1501 5851 edd.
1516 5808 1575 5859 Ars.
1597 5809 1653 5852 Nor.
1675 5808 1735 5852 ven.
1750 5809 1768 5853 1.
1788 5830 1816 5839 -
1853 5806 1912 5860 tos)
1926 5807 2007 5850 rendi:
2027 5805 2087 5851 uda
2130 5830 2134 5836 ·

129 5869 164 5914 sa
193 5867 248 5910 nno.
263 5866 355 5911 Adit.
370 5869 457 5911 -ιιι
471 5865 541 5909 liner.
556 5868 609 5919 po.
624 5866 1045 5923 c.1se-ss)mnon.e.1o.n.e.
1061 5889 1089 5898 -
1131 5865 1186 5908 coll.
1202 5876 1223 5908 o.
1246 5887 1274 5896 -
1305 5863 1528 5918 uenenorum:
1550 5863 1609 5921 add.
1624 5864 1683 5918 Aru.
1704 5866 1762 5909 Bas.
1783 5888 1812 5898 -
1832 5861 1862 5909 cl.
1884 5864 1968 5917 lites.
1989 5862 2045 5908 ιι).
2060 5882 2089 5895 -

129 5924 162 5971 m
191 5922 403 5968 murrone.
424 5946 454 5957 -
481 5920 735 5977 centemnens.
756 5944 785 5956 -
812 5922 1089 5980 omonreutmontun:
1132 5919 1382 5976 tttiouiopretimo
1400 5928 1449 5963 non
1467 5922 1702 5974 ιιιιιιιιωιιιιιιι,
1722 5920 1856 5967 arwam:
1879 5919 2089 5975 oumopanest

132 5983 229 6028 lvo-
256 5978 673 6037 redimendorum-
701 5977 1088 6038 sottmsnnansoutuss.
1128 5976 1479 6034 ammirandum,
1494 5976 1628 6025 eicardo
1643 5976 1698 6023 cou.
1713 5986 1736 6024 o.
1750 5986 1786 6036 pr.
1800 5976 1990 6034 umatum

1398 1845 1555 1908 prophetae,
1574 1861 1630 1894 non
1642 1845 1704 1894 boni
1716 1846 1883 1907 propietian
1900 1842 2088 1912 sendeberti).
2159 1864 2165 1871 ·
