4658 6442
144 269 214 343 m
262 306 281 332 t

477 434 512 486 0.
528 433 576 486 ill:
611 435 654 484 De
677 435 774 484 estisne.

264 528 269 537 ·
295 520 363 568 Itest
380 530 416 570 ex
433 519 558 570 eadem
581 518 628 570 vl.
646 520 774 580 actione,
791 520 819 567 in
831 516 953 584 fiss⁴⁸b

145 584 298 659 Quietem
317 601 441 669 capitula
459 602 533 663 sunt,
552 615 624 669 quae
643 600 678 652 arl
696 599 829 652 honorem
848 607 960 653 renuas
978 612 1107 653 tereren-

144 671 204 722 tiae
223 668 302 721 robis
320 669 555 735 eerravtniustr),
575 668 708 720 decorum
727 684 790 719 esse
808 668 975 730 iudicantes,
994 683 1010 719 a
1026 668 1105 719 vobis

111 739 121 753 ⁸
144 734 405 875 ppgeecflqe'gcqlrpriter
421 739 514 805 patim
532 739 638 788 densari
656 752 707 806 pcr
723 736 880 805 synodnm,
906 752 989 805 quam
1009 743 1106 788 nostra

171 906 203 959 C.
221 904 271 959 lv.
304 906 436 971 synodali
440 903 592 955 'consenties'
608 907 781 967 imperatores
801 909 930 958 interesse
948 921 1000 957 non
1016 921 1077 954 con-

377 976 475 1038 -renit,
499 976 554 1024 nisi
573 976 618 1023 sbi
636 977 666 1022 de
680 973 739 1034 fide
757 978 858 1037 agitur.
1072 980 1075 985 '

143 1060 214 1113 tren
237 1056 415 1111 Nicotaus
442 1056 520 1123 Papa
545 1061 573 1106 in
600 1059 715 1118 epistola
738 1061 776 1105 art
799 1054 1009 1107 ilie'ltcitese
1033 1057 1102 1119 Imp.

331 1140 400 1187 quae
420 1128 533 1188 incipit:
562 1124 859 1192 „Proposueramus.“
872 1127 915 1190 ⁵⁰)

144 1190 269 1260 Ubinam
287 1208 406 1277 legistis,
423 1209 609 1275 imperatores
627 1213 820 1260 antecessores
838 1206 1001 1273 restros⁵¹)
1020 1221 1104 1275 syno-

142 1276 255 1328 dalibus
282 1276 465 1327 consentibus
488 1274 667 1339 interfuisse,
690 1278 745 1327 nisi
766 1276 881 1327 forsitan
900 1277 927 1326 in
946 1275 1105 1343 quibus⁵²)

143 1343 254 1396 deiide
274 1349 425 1395 tractatum
445 1351 503 1408 est,
525 1358 598 1411 quae
619 1344 786 1397 universalis
798 1351 862 1407 est,
886 1358 959 1411 quae
979 1345 1101 1395 onrrtium

142 1413 300 1465 eommunis
320 1413 401 1475 *est*,
420 1420 567 1478 quaefnnn
586 1412 674 1463 solum
694 1412 728 1462 ad
749 1412 881 1475 clericos,
900 1426 997 1463 verum
1016 1412 1100 1463 etiam

142 1478 181 1533 ad
197 1480 287 1531 laicos
305 1487 336 1531 et
351 1478 387 1530 ad
406 1492 503 1531 enines
521 1481 635 1531 omnino
655 1482 777 1549 pertinet
796 1478 989 1531 Christianosl

163 1580 195 1633 C.
212 1576 246 1635 V.
276 1582 319 1631 De
331 1584 501 1647 praesulibus
518 1584 669 1631 divinarum
687 1599 785 1645 scs-sm,
803 1585 851 1645 psi
865 1583 988 1631 inmanis
1003 1580 1083 1629 eebst

385 1658 517 1712 praesunt
535 1653 654 1699 iudicare
666 1667 718 1699 nnn
735 1660 855 1712 possunt.

349 1732 444 1786 ldem
482 1739 510 1783 in
547 1738 686 1783 eadem
721 1733 896 1798 epistola⁵³).

142 1797 280 1883 Denique
299 1812 345 1878 hi,
367 1817 467 1884 quibus
485 1823 594 1869 tantum
615 1815 742 1868 brmranis
764 1817 857 1879 rebus,
878 1822 907 1866 et
926 1829 981 1866 non
1001 1812 1103 1865 divinis

143 1896 278 1951 praeesse
296 1887 462 1950 permissum
481 1890 538 1946 e'st,
559 1887 699 1952 quomodo
719 1887 753 1938 de
772 1883 832 1948 bis,
853 1898 903 1952 per
921 1898 991 1950 quos
1009 1882 1104 1932 dirina

142 1953 354 2015 ministrantur,
376 1953 501 2004 iudicare
518 1961 714 2019 praesumant,
736 1956 847 2021 penitus
863 1954 1035 2020 ignoramus.

163 2050 196 2105 0.
213 2050 264 2105 Vl.
296 2054 352 2104 Nec
365 2058 447 2105 etiarn
463 2058 612 2118 imperator
627 2059 691 2105 iura
708 2054 863 2117 Pontifieis,
887 2069 934 2102 aec
950 2050 1081 2116 Pontifex

475 2127 538 2172 iura
555 2128 632 2186 regia
651 2133 770 2186 usurpet.

422 2206 518 2259 Idem
539 2210 623 2269 paule
644 2205 824 2272 inferiut⁵⁴)-

141 2271 243 2346 Quum
267 2288 303 2340 ael
329 2290 461 2357 seruent)
487 2298 599 2341 rentum
624 2297 685 2353 est,
709 2291 783 2340 ultra
803 2287 856 2339 sibi
876 2299 929 2337 nec
945 2286 1102 2352 imperator

141 2357 207 2407 iura
220 2355 405 2408 l'ontilicatus
424 2360 549 2424 arripuit,
568 2373 619 2409 nec
633 2358 761 2409 Pontifex
775 2370 875 2406 nomen
889 2354 1101 2420 imperatorium

141 2425 362 2490 usurpavit⁵⁵),
395 2427 523 2491 quoniam
553 2426 627 2477 idem
651 2426 791 2476 mediator
816 2424 869 2474 bet
895 2430 924 2471 et
951 2420 1103 2481 hominnm,

141 2487 229 2543 bomo
248 2488 374 2542 Christus
391 2493 485 2554 lesus,
509 2495 576 2544 *sic*
601 2495 710 2544 actibus
730 2494 850 2559 propriis
868 2496 896 2540 et
917 2487 1101 2557 dignitatibus

141 2558 284 2610 distinctis
303 2561 395 2610 ollicia
414 2564 563 2626 potestatis
584 2564 730 2628 utriusque
751 2560 898 2619 discrerit,
921 2558 1037 2622 proprie
1057 2568 1102 2605 ιιι-

140 2626 206 2679 lens
223 2626 383 2677 medicinali
401 2625 558 2680 btmtilitate
576 2644 687 2679 sursum
708 2627 820 2688 efferri,
845 2641 900 2676 nrtn
918 2621 1040 2673 huntana
1057 2637 1102 2671 su·

180 2693 244 2745 tbia
259 2708 357 2745 rursus
373 2696 403 2745 in
419 2695 614 2765 internumii)
634 2697 775 2764 demergi,
800 2699 830 2744 ut
842 2694 885 2759 Η)
906 2699 935 2742 et
952 2689 1101 2742 Christiani

141 2771 331 2829 imperatores
357 2777 408 2829 pro
436 2772 553 2815 aeterna
576 2766 635 2815 vita
661 2761 843 2815 l’outitieibus
866 2759 1045 2827 indigerent,
1072 2763 1102 2808 et

141 2827 295 2882 Pontifices
320 2844 370 2895 pro
398 2846 481 2881 cursu
506 2834 702 2897 temporalium
729 2827 922 2881 tantummodo
941 2840 1034 2877 rernm
1053 2826 1101 2875 lm·

142 2897 298 2967 perialibus
315 2898 425 2965 legibus
444 2908 606 2963 uterentur,
627 2906 765 2968 quatenus
783 2896 936 2963 spiritualis
951 2894 1026 2945 actio
1044 2907 1103 2943 car-

141 2965 309 3029 nalibus⁵⁸l
337 2966 454 3017 distaret
476 2968 651 3030 incursibus,
675 2974 704 3017 et
720 2966 811 3017 *ideo*
831 2964 952 3014 militans
971 2962 1032 3012 Deo
1054 2960 1103 3010 mi-

142 3035 221 3085 nime
245 3047 276 3084 se
300 3036 423 3101 negotiis
440 3035 634 3086 saecularibus
657 3034 830 3103 implicaret,
855 3047 888 3081 ac
905 3031 1026 3080 vicissim
1047 3044 1102 3079 non

142 3101 193 3153 ille
218 3100 305 3151 rebus
328 3104 430 3152 «lirinis
453 3103 615 3168 praesidere
633 3102 792 3164 videretur,
819 3101 866 3168 qui
884 3104 961 3150 esset
979 3098 1102 3166 negotiis

140 3167 338 3223 mecolaetbus
355 3170 524 3237 implicatos.

177 3268 209 3323 c.
226 3266 287 3322 Vll.
322 3269 346 3318 Α
364 3274 502 3322 saeculari
512 3281 647 3333 potestate
663 3271 921 3336 Pestisestprarsss
937 3281 987 3315 see
1002 3265 1071 3316 soles·

290 3386 293 3391 .
502 3357 549 3389 nec
565 3343 650 3404 ligari
665 3343 744 3390 calet.

304 3401 400 3456 Idem
421 3410 449 3455 in
470 3412 583 3458 eadem
591 3444 601 3470 ,
617 3413 714 3471 paucis
733 3407 877 3456 interiectis
889 3401 942 3468 ⁵⁹).

594 267 805 335 nactam
826 267 983 351 riuus
1012 266 1146 335 PARS*
1172 261 1444 347 bts'rssxovl.
1483 284 1512 332 ο.
1536 264 1667 335 3-ἑ10.

2219 204 2222 213 ι

1151 429 1253 493 licitum
1274 440 1389 495 nestrae
1407 437 1448 479 est
1463 445 1536 492 ιιιιιι,
1563 434 1611 494 qai
1625 448 1678 483 sen
1696 435 1734 484 sit
1749 406 1844 501 1011)Ι
1856 440 1951 490 serim
1966 444 2106 493 naseinai·

1151 511 1253 563 mosset
1270 499 1459 561 episcoparer-e,
1476 502 1661 551 metesiasticte
1673 507 1851 553 interstitceri
1862 512 2031 559 nectarites.
2057 512 2107 571 (10

1149 573 1212 627 post
1225 572 1348 644 paneas)
1381 566 1406 631 i.
1423 568 1449 617 1.
1476 567 1529 617 iiis
1549 568 1646 637 itaque
1663 569 1810 622 ntaniieste
1828 576 1964 640 repertis,
1988 584 2107 644 apparet

1151 635 1371 685 comministrum
1399 638 1527 684 nostrum
1550 635 1687 701 ignatium
1716 652 1766 704 per
1788 641 1961 705 imperialem
1985 653 2105 698 tantum·

1152 699 1236 751 modo
1260 702 1430 769 senteutiam
1455 701 1532 754 nullo
1551 703 1634 754 modo
1654 707 1778 770 potuisse
1796 720 1910 772 prorsus
1928 713 2039 778 expelli.
2073 714 2104 766 ln

1149 769 1229 819 euius
1248 767 1428 825 damnatione
1446 771 1511 834 quia
1528 771 1686 836 praesulum
1707 788 1819 840 quoque
1837 789 1969 828 assenms
1985 786 2030 830 est
2042 780 2106 832 snb·

1149 843 1279 894 secutus,
1302 843 1421 900 apparet
1440 837 1469 886 id
1485 851 1572 889 ιιιιιιιι
1587 836 1675 891 fuisse
1691 848 1833 907 patratum
1850 843 2029 910 adulationis,
2049 863 2104 903 non

1149 903 1295 971 legitimae
1312 905 1475 954 sanctionis.

1181 1002 1213 1055 C·
1231 1001 1305 1055 vlll.
1340 1004 1428 1053 Facta
1446 1002 1605 1065 Pontificem
1624 1008 1768 1067 imperator
1784 982 1902 1061 indicare
1921 1029 1973 1063 nes
1990 1018 2071 1069 deine,

1359 1071 1453 1122 idem
1476 1073 1650 1123 Laconico
1671 1076 1837 1139 Imperatori
1845 1080 1897 1144 ⁶⁵).

1148 1134 1184 1203 In
1202 1154 1347 1220 seripturis
1364 1160 1496 1207 narratur
1512 1156 1712 1211 Constantinus
1726 1161 1880 1226 imperator
1892 1161 2009 1217 dixisse:
2036 1168 2104 1219 Vere

1147 1225 1174 1271 si
1185 1224 1303 1285 propriis
1319 1226 1401 1273 scalis
1419 1227 1538 1275 sitiissern
1554 1229 1717 1277 saca-dotent
1731 1231 1793 1289 Dei,
1810 1239 1861 1280 aut
1874 1233 1988 1293 aliquem
2005 1251 2105 1300 eersse,

1146 1288 1193 1352 qui
1209 1293 1357 1340 monachico
1368 1291 1410 1358 66)
1429 1293 1523 1342 ltabitu
1542 1297 1736 1344 circumamicti
1748 1307 1826 1360 sunt,
1842 1309 2011 1366 peccantem,
2032 1307 2104 1355 cleta·
2197 1323 2201 1331 ’

1147 1362 1246 1421 nepaes
1263 1376 1347 1409 stease
1365 1363 1595 1428 exspatiarenv)
1615 1372 1643 1411 et
1657 1368 1819 1427 cooperirent
1833 1382 1902 1426 esse,
1919 1383 1952 1415 ne
1968 1368 2103 1435 ‹sis-eliqua¹

1146 1429 1289 1476 videretur.
1323 1427 1354 1477 ln
1373 1428 1542 1497 quibusil),
1559 1428 1852 1498 instantissimam)
1869 1435 1923 1497 lili,
1943 1443 2103 1494 neccessario

1147 1495 1378 1558 contmonemini,
1401 1500 1432 1544 ut
1458 1495 1693 1562 quemadmodum
1722 1499 1777 1551 lide
1797 1505 1825 1552 et
1843 1496 1981 1570 reiigione
2003 1520 2037 1556 ac
2055 1506 2103 1561 bn·

1148 1564 1225 1613 noris
1250 1562 1391 1629 parilitate
1415 1563 1440 1613 ei
1462 1562 1619 1630 adaequari
1637 1566 1784 1630 videmini,
1809 1570 1849 1619 ita
1868 1584 1979 1637 quotue
1997 1570 2104 1627 humili·

1147 1636 1207 1681 tete
1226 1639 1311 1696 atque
1329 1629 1479 1681 devotione
1497 1634 1674 1699 aequiparari
1694 1632 1872 1687 nibilominus
1892 1589 2044 1702 antelatis,
2062 1645 2103 1696 its

1147 1698 1222 1747 utin
1241 1699 1317 1748 nullo
1337 1684 1453 1748 idl'esior
1473 1713 1524 1761 eo,
1552 1700 1602 1751 sed
1627 1703 1721 1768 potior
1741 1705 1920 1755 inveniamini
1944 1715 2010 1772 post
2028 1709 2103 1763 illius

1147 1765 1290 1830 exscripta,
1310 1767 1356 1831 qui
1374 1766 1459 1815 talem
1479 1782 1509 1816 se
1528 1763 1651 1819 exhibuit
1669 1778 1734 1821 ante
1752 1770 1861 1836 alia⁷⁰)
1879 1787 1994 1839 prorsus
2012 1778 2104 1831 esent·

1146 1832 1202 1901 pla.
1237 1832 1293 1884 Sed
1312 1830 1366 1883 boc
1384 1833 1495 1899 quidem
1516 1832 1651 1897 diuinum,
1670 1844 1769 1888 cautos
1786 1853 1836 1888 ses
1854 1838 1974 1893 reddere
1993 1847 2104 1912 arpiens-

1147 1908 1205 1963 trs,
1230 1906 1260 1950 nt
1280 1900 1304 1949 ei
1322 1900 1356 1950 de
1377 1900 1542 1967 Donrini⁷¹l
1567 1901 1780 1968 sacerdotibus,
1805 1906 1852 1973 qui
1870 1908 1931 1959 iure
1952 1914 2101 1980 patres⁷²)

1146 1966 1293 2030 dicuntur,
1320 1967 1425 2034 aliquid
1443 1968 1593 2035 coritigerit
1609 1985 1660 2020 ros
1678 1972 1791 2035 audire,
1837 1973 1892 2024 uod
1910 1974 2102 2035 confusionem

1145 2037 1198 2103 piis
1217 2035 1355 2086 nteutibus
1372 2037 1498 2104 ingerat,
1517 2051 1571 2086 non
1588 2036 1768 2101 inlmnitum,
1785 1988 1835 2091 ees
1855 2041 2009 2108 pudoratos
2028 2048 2102 2102 lilius

1145 2104 1205 2155 b'oe
1225 2104 1386 2166 imitantes,
1411 2110 1555 2168 paternam
1578 2103 1612 2154 de
1631 2106 1739 2174 reliquo
1758 2109 1955 2160 verecundiam
1971 2120 2103 2184 contega-

1146 2173 1197 2233 tis,
1214 2180 1246 2220 ut
1264 2169 1404 2232 affluenti,
1423 2169 1657 2237 quentudmodum
1677 2181 1706 2226 et
1721 2174 1772 2238 iili,
1789 2175 1985 2232 benedictione
1999 2183 2101 2249 repleri
2177 2178 2190 2199 ‘
2249 2246 2253 2253 ¹

1145 2237 1310 2289 moderante
1328 2237 1450 2290 Domino
1469 2241 1642 2291 intereamini.

1168 2340 1200 2391 0.
1219 2338 1267 2391 tx„
1301 2340 1402 2403 Regnat
1422 2348 1449 2389 et
1463 2344 1614 2403 principem
1630 2349 1723 2403 patres
1740 2349 1768 2392 et
1784 2347 1912 2407 naginei
1924 2351 2077 2402 sacerdotes

1506 2424 1567 2458 esse
1585 2419 1734 2459 censentur.

1207 2474 1276 2523 tren
1294 2488 1328 2524 ex
1346 2474 1466 2541 epistola
1485 2475 1658 2543 Gregorii
1679 2477 2038 2534 l‘lt.et11ernennen

1272 2543 1416 2591 silerent-en
1435 2545 1607 2608 Episcopatu,
1627 2547 1671 2595 iit.
1691 2547 1714 2592 V
1716 2548 1772 2595 111.
1790 2552 1865 2609 epist.
1879 2550 1921 2602 21.
1933 2553 1974 2612 ⁷³)
2050 2545 2053 2549 ⁷

1145 2606 1221 2680 Quis
1235 2623 1346 2677 dubitet
1358 2626 1521 2677 sacerdotes
1529 2624 1630 2677 Christi
1645 2642 1741 2695 regunt
1754 2635 1785 2680 et
1799 2620 1954 2696 principum
1967 2635 2103 2688 emnium·
2168 2628 2182 2634 ’

1145 2706 1200 2758 que
1225 2693 1348 2742 lidelium
1373 2703 1468 2760 patres
1490 2700 1519 2744 et
1538 2696 1689 2763 magistros
1709 2697 1835 2748 censerit
1870 2698 1969 2750 Nonne
1989 2704 2102 2755 misera·

1143 2759 1208 2810 bilis
1228 2761 1353 2810 insaniae
1373 2774 1435 2812 esse
1454 2764 1650 2829 cognoscitur,
1671 2764 1694 2812 si
1712 2761 1786 2813 lilius
1801 2770 1926 2831 patrem,
1946 2767 2101 2834 discipulus

1145 2827 1308 2895 magistrum
1327 2827 1380 2879 sibi
1398 2837 1516 2897 conetur
1533 2830 1693 2897 subiugare,
1714 2837 1742 2881 et
1760 2832 1862 2898 iniquis
1880 2830 2100 2902 obligationibus

1144 2896 1221 2945 illum
1248 2910 1317 2946 suae
1338 2899 1471 2962 potestati
1490 2896 1644 2959 edidicere,
1669 2911 1687 2946 a
1704 2912 1759 2965 quo
1780 2899 1870 2950 credit
1886 2917 1939 2951 ιιιιιι
1960 2903 2053 2956 solutu
2069 2907 2101 2959 in

1144 2974 1237 3027 terra,
1255 2963 1305 3014 sed
1325 2966 1410 3015 etiam
1428 2966 1455 3014 iu
1475 2965 1561 3016 coelis
1578 2980 1609 3017 se
1628 2964 1710 3033 ligari
1728 2980 1810 3033 posse
1828 2974 1857 3019 et
1873 2967 1961 3021 solsii

1162 3065 1192 3116 C.
1207 3063 1242 3116 X.
1269 3065 1423 3116 Auctoritas
1439 3081 1521 3116 sarra
1536 3050 1694 3128 Pontificum
1713 3075 1740 3117 et
1754 3070 1854 3130 regeniis
1868 3078 1989 3133 potestas
2003 3072 2103 3127 tisiss'

1417 3138 1509 3184 mandi
1523 3137 1704 3198 gubernacula
1722 3144 1828 3198 regunt.

1212 3201 1280 3249 Itesn
1302 3199 1476 3253 Gelasius
1493 3201 1571 3269 Papa
1587 3204 1786 3253 Anastasis
1807 3205 2032 3271 imperatorin).

1145 3263 1216 3335 Duo
1240 3284 1333 3349 sonti)
1356 3288 1472 3353 quippe,
1492 3288 1646 3352 imperator
1663 3295 1799 3355 auguste,
1824 3288 1925 3356 quibus
1942 3282 2100 3357 principaii·

1101 3374 1106 3391 i
1146 3359 1191 3402 ter
1214 3350 1259 3403 hie
1284 3357 1402 3403 arundus
1427 3355 1552 3421 regitur:
1577 3357 1732 3407 auctoritas
1757 3370 1839 3406 saera
1863 3355 2044 3420 Pontiticntn,
2068 3365 2100 3413 et

1144 3420 1249 3486 regalis
1268 3428 1401 3487 potestas.
1436 3422 1466 3471 ln
1484 3423 1585 3489 quilius
1601 3430 1681 3472 tanto
1697 3426 1811 3490 gravius
1829 3424 1936 3491 pondus
1952 3432 1995 3476 est
2008 3440 2100 3478 sacer·

142 3468 229 3541 Satis
246 3486 392 3540 evidenter
409 3491 576 3553 ostenditur,
598 3505 615 3541 a
633 3490 772 3543 saecutm
790 3492 931 3556 potestate
951 3497 1003 3536 nec
1020 3482 1103 3552 ligari
1146 3487 1260 3549 dotum,
1279 3497 1383 3555 quanto
1401 3492 1485 3540 etiam
1508 3504 1558 3555 pro
1575 3491 1643 3556 ipsis
1661 3491 1827 3558 regibus⁷³l
1851 3488 1993 3542 bontinum
2012 3495 2040 3545 1.
2058 3494 2099 3545 di.

143 3570 279 3625 prorsus,
297 3571 349 3606 nec
366 3557 436 3608 solvi
456 3561 567 3625 *posse*
585 3558 769 3619 Pontificem,
791 3571 873 3623 quem
891 3558 1002 3604 cunstat
1020 3566 1037 3601 a
1057 3553 1102 3618 piu
1146 3557 1210 3606 rino
1226 3565 1292 3606 sunt
1307 3557 1444 3607 reddituri
1464 3560 1591 3608 etantine
1608 3559 1756 3609 rationem.
1783 3559 1820 3608 tit
1833 3565 1896 3621 post
1906 3576 2018 3622 pauca:
2034 3563 2058 3629 p.
2074 3566 2099 3615 1.

164 3625 273 3691 rincipe
284 3625 466 3676 Consolantino
481 3627 622 3695 (quoue)
636 3628 718 3691 longe
730 3626 860 3690 superius
875 3619 1104 3686 nientoravimus)
1146 3623 1226 3675 lt'osti
1243 3626 1339 3690 itaquo
1359 3627 1433 3675 inter
1450 3623 1519 3677 haec
1538 3640 1572 3676 ex
1589 3627 1700 3677 illorum
1721 3633 1749 3677 te
1767 3626 1890 3692 pendere
1905 3628 2021 3689 iudicis,
2043 3628 2098 3681 n'on

141 3638 237 3745 Bruta
255 3692 436 3758 appellatum,
456 3696 560 3761 neem)
582 3710 663 3761 posse
677 3695 768 3744 iteum
786 3693 821 3742 ab
837 3689 1048 3753 lionitntbus02)
1066 3689 1105 3736 iu·
1145 3691 1209 3741 illos
1233 3692 1268 3741 ad
1293 3702 1371 3741 tuam
1397 3693 1486 3743 redivi
1513 3695 1648 3760 posse⁷⁶)
1674 3694 1855 3745 voluntatens.
1898 3696 1920 3761 ᾗ.
1937 3696 1961 3747 t.
1982 3696 2100 3749 'l'alibus

143 3750 235 3810 dicari
252 3760 431 3810 manile-stum
451 3770 502 3812 est.
536 3762 594 3814 Sed
614 3771 643 3813 et
655 3760 832 3812 'l'beodosius
847 3759 970 3821 minore)
988 3762 1103 3805 sanetae
1145 3760 1232 3826 igitur
1247 3762 1391 3822 institutis,
1410 3763 1460 3810 teli
1481 3776 1569 3828 usque
1584 3759 1645 3811 sulti
1659 3762 1877 3812 auctoritatibus
1891 3763 2016 3831 plerique
2031 3762 2100 3817 l’un·

142 3826 256 3894 synodo
279 3828 405 3878 scribens
429 3828 588 3896 Ephesinae
613 3831 735 3896 primae,
767 3828 851 3878 dixit:
888 3828 1038 3886 Depstntss
1063 3831 1105 3872 est
1145 3827 1267 3888 titicum,
1293 3831 1340 3879 alii
1368 3842 1467 3895 reges,
1494 3830 1542 3878 alii
1570 3830 1754 3896 inspectatores
1779 3833 2099 3885 excontnrunicarernnt.

142 3899 230 3959 igiter
247 3897 443 3961 meridianus,
469 3899 744 3961 magnificentissimas
770 3911 853 3944 erentes
871 3902 1039 3943 strenuorum
1057 3895 1104 3939 do·
1146 3893 1216 3945 Nam
1242 3898 1265 3944 si
1288 3898 1410 3961 speciale
1435 3896 1547 3963 aliquod
1566 3896 1602 3947 de
1622 3899 1748 3961 personis
1766 3899 1919 3962 principum
1937 3900 2100 3964 requiratur

142 3966 321 4028 uteeticormn,
338 3969 457 4013 transire
474 3982 556 4028 usque
573 3970 609 4014 ad
624 3968 819 4015 sanctissimam
836 3964 963 4023 synodum
978 3968 1104 4018 cernam,
1146 3962 1317 4028 exetttplum,
1352 3964 1384 4013 B.
1410 3965 1589 4015 innocentius
1618 3963 1693 4030 l'apa
1719 3965 1867 4014 Arcadium
1898 3965 2098 4031 imperatorem

142 4040 174 4081 st
189 4034 218 4080 in
234 4033 307 4080 nette
325 4036 427 4094 quidest
444 4034 518 4098 ἰῶ,
536 4051 605 4096 quae
618 4035 765 4098 faciendae
782 4038 847 4081 sant
863 4033 894 4077 rte
908 4029 1017 4093 piis⁶³)
1040 4031 1103 4091 dog·
1145 4029 1224 4096 (quia
1246 4033 1404 4091 consensit,
1429 4040 1459 4080 ut
1484 4032 1512 4082 S.
1532 4032 1651 4081 luatrnes
1671 4029 1888 4096 Chrynostomns
1913 4045 1930 4081 a
1953 4047 2005 4083 aua
2029 4032 2098 4085 sedit

142 4101 258 4150 natiim
273 4105 441 4163 quaestiones
458 4118 506 4153 ses
519 4107 611 4167 potius
628 4105 818 4166 expositiones,
837 4100 1039 4147 sennanieere.
1064 4098 1104 4146 tt·
1144 4097 1326 4167 pelleretur),
1346 4098 1643 4166 excommunicatus).
1676 4097 1710 4150 B.
1728 4099 1813 4149 ιιιιιιιι
1830 4098 2009 4164 Ambrosius,
2032 4100 2100 4153 licet

683 4230 1070 4309 anteriori-att
1114 4232 1559 4286 consuetorum.

213 4332 312 4386 c.vt.
346 4332 604 4401 etsiverum:
632 4333 701 4387 Post
719 4336 819 4386 ultima
834 4333 921 4385 verba
937 4333 1037 4400 eapitis
1057 4347 1103 4383 sn·
1143 4348 1220 4395 rum,
1240 4334 1349 4400 spinndo
1371 4333 1528 4403 liphesinae
1550 4349 1599 4401 per
1617 4329 1819 4384 candidianum
1838 4331 1939 4395 ntissa,
1964 4340 2099 4402 quaeest

143 4401 304 4454 teredemis
326 4403 453 4469 sequitur
477 4405 653 4454 continenter
677 4405 820 4456 ineadem
838 4400 1100 4466 Nicolaiepistoia:
1143 4404 1170 4452 in
1189 4408 1315 4452 extremo
1334 4404 1440 4469 primae
1465 4404 1582 4453 aetionis
1604 4402 1691 4466 ipsius
1710 4399 1821 4465 synodi.
1856 4398 1888 4449 ln
1905 4406 2034 4455 versione
2052 4420 2099 4457 an-

144 4469 271 4520 Feerssrst
286 4471 351 4519 iaec
371 4479 434 4518 ante
451 4473 725 4536 adventasnvltristi,
750 4479 780 4520 ut
797 4474 903 4533 quidam
922 4473 1008 4530 typice
1027 4484 1103 4533 reges
1143 4471 1236 4535 tique,
1261 4485 1333 4536 quae
1351 4477 1481 4521 servatur
1498 4473 1526 4520 in
1544 4465 1716 4520 bibliotheca
1737 4466 1888 4530 Vaticana,
1910 4475 1938 4521 et
1955 4471 2101 4538 quaenu-

144 4539 268 4591 sinister
286 4541 435 4587 sacerdotes
455 4543 624 4590 exsisterent.
661 4542 737 4600 Quoi
759 4540 788 4588 S.
807 4538 993 4587 Melchisedech
1013 4536 1104 4600 fuisse
1143 4538 1230 4589 tetiaa
1259 4537 1335 4588 edita
1361 4545 1417 4599 est,
1445 4537 1544 4588 eadem
1592 4538 1653 4588 lane
1680 4533 1732 4585 boc
1757 4534 1821 4587 loco
1847 4532 1986 4588 iubentur
2012 4538 2101 4595 rerba

145 4613 245 4658 saneta
261 4609 353 4668 prodit
368 4608 498 4671 historia,
517 4609 632 4671 qnodque
652 4610 680 4655 in
698 4608 818 4656 neminis
836 4610 891 4667 spis
909 4606 1027 4652 diabolus
1047 4606 1103 4651 ini·
1144 4620 1207 4654 cum
1226 4601 1284 4666 bis,
1307 4620 1378 4673 quae
1396 4604 1485 4659 refert
1502 4553 1651 4667 Nicofaus,
1676 4608 1705 4655 et
1726 4605 1830 4671 optime
1849 4606 2019 4659 conveniunt
2036 4621 2101 4663 cunt

145 4682 222 4724 tatus
250 4677 354 4736 (utpote
377 4679 423 4737 qui
443 4690 543 4736 seraper
571 4691 639 4738 quae
662 4678 749 4724 divino
770 4676 855 4722 cultui
869 4676 1028 4722 consenittnt
1043 4673 1103 4721 nbi-
1143 4672 1262 4741 graecis.

145 4750 200 4792 stet
217 4746 357 4806 tyrannico
375 4746 472 4805 spirits
489 4746 630 4792 vendicare
647 4745 807 4806 contradit),
827 4750 857 4790 ιιι
870 4744 976 4803 pagani
991 4743 1104 4801 impera·
1214 4739 1243 4790 C.
1260 4736 1296 4788 Χ.
1318 4737 1353 4806 s)
1371 4739 1446 4791 Duo
1469 4745 1567 4791 sunt:
1603 4740 1694 4807 Caput
1716 4735 1770 4788 hoc
1794 4742 1917 4799 euntium
1940 4746 1984 4791 ent
2003 4754 2038 4793 ex
2056 4756 2100 4794 tilt-

146 4819 219 4861 teres
243 4813 320 4858 iidem
346 4819 373 4858 et
398 4815 513 4860 acarini
532 4812 671 4874 pontefices
696 4815 855 4860 dicerentur.
891 4811 945 4857 sed
968 4824 1046 4870 quun
1069 4809 1106 4856 nd
1146 4804 1208 4859 dem
1234 4807 1354 4873 epistola
1372 4806 1501 4877 Gregorii
1522 4808 1582 4859 Vll.
1604 4822 1639 4858 ex
1661 4821 1715 4875 qua
1735 4805 1922 4868 antecedens,
1947 4814 1976 4858 et
1993 4809 2028 4859 ab
2046 4806 2101 4863 hoe

145 4894 238 4930 verum
255 4887 359 4927 centurn
377 4887 431 4944 est,
456 4883 563 4928 eundern
581 4896 668 4944 regent
685 4888 765 4941 atque
781 4877 937 4938 Pontificem
956 4878 1028 4925 ultra
1045 4878 1103 4938 sibi,
1145 4875 1224 4925 initio
1250 4889 1339 4941 usque
1364 4875 1400 4926 ad
1426 4877 1557 4928 terbum:
1590 4880 1769 4938 volantatem,
1800 4880 1866 4925 sunt
1897 4873 1982 4926 rerba
2011 4877 2101 4943 ipsius

146 4955 197 4998 ete.
232 4943 308 4997 Nihil
326 4952 418 4996 autem
438 4953 574 4997 mutatum
595 4954 653 5008 est,
674 4953 703 4997 et
721 4947 756 4998 ob
770 4945 906 5013 glossam,
927 4950 955 4995 et
973 4944 1103 5010 quoniam
1146 4941 1252 4993 Gelasii
1272 4957 1305 4993 ex
1324 4942 1460 5012 epistola,
1486 4959 1559 5012 quae
1580 4940 1701 4996 habetur
1718 4944 1872 5009 impressa,
1893 4940 2100 4997 citataaGre·

146 5021 192 5066 est
208 5014 317 5064 initium
339 5015 448 5080 eapitis.
481 5014 625 5065 Nonnulla
643 5030 707 5065 sero
726 5015 783 5064 alia
801 5011 853 5064 buc
870 5013 1042 5080 pertinentia
1059 5026 1106 5063 no·
1145 5011 1225 5078 gorio
1245 5009 1305 5060 vll.

144 5085 208 5133 tata
224 5086 305 5142 sunt,
326 5096 411 5149 supra
428 5081 551 5133 distinct.
569 5083 610 5135 10.
636 5098 696 5148 cap.
718 5086 856 5143 Quoniam.
1212 5079 1244 5146 g)
1269 5076 1623 5129 Excommuuicarit:
1659 5076 1688 5128 st
1715 5072 1760 5126 bic
1785 5076 1982 5140 interponatur
2007 5080 2104 5145 capul,

216 5148 247 5199 C.
269 5147 327 5199 l'll.
363 5152 391 5215 e)
410 5147 645 5201 'l'heodosius
671 5149 801 5200 minor:
838 5142 1018 5199 Verbabaec
1038 5148 1105 5195 sunt
1147 5146 1221 5194 iiius
1248 5148 1476 5212 itein,tnfr.1b.
1501 5149 1570 5214 qli.
1594 5142 2103 5213 baecpercepistolaeintegrabn-

146 5221 266 5284 accepta
297 5229 331 5267 ex
362 5217 481 5287 epistola
504 5215 657 5270 Theodosii
681 5232 716 5269 ac
740 5216 930 5268 Valentiniani
952 5213 1106 5282 imperato·
1146 5214 1268 5265 bebitur.
2103 5208 2108 5219 “

95 5368 103 5377 “
202 5382 287 5428 nist
308 5384 392 5429 xcvi
421 5386 449 5431 c.
463 5386 503 5431 ιιι.
532 5385 579 5440 ιι)
592 5387 648 5431 ιιι.
663 5385 694 5430 ι.
709 5385 764 5430 ιιι.
778 5384 882 5430 -ιιι,
896 5382 928 5427 ιι.
943 5407 972 5416 -
992 5381 1105 5427 nenne·
1147 5382 1217 5445 erna-
1239 5380 1297 5424 ιιι.
1312 5380 1368 5422 ιοιι.
1382 5390 1404 5424 ι.
1425 5390 1461 5419 =
1495 5377 1732 5445 evocemini·
1748 5375 2107 5444 sxsnuemspetunmeem

147 5436 184 5485 itt
205 5440 266 5493 pii.
288 5464 317 5473 -
345 5441 392 5496 «10)
409 5444 594 5487 cismontanis.
617 5443 676 5487 ridi.
691 5444 745 5486 coll.
760 5453 781 5486 o.
802 5452 838 5494 pr.
860 5440 950 5494 Lugdd.
965 5441 995 5483 ll.
1010 5441 1050 5482 lll.
1071 5447 1106 5477 =
1148 5440 1175 5480 Ρ.
1191 5438 1221 5480 sd
1236 5438 1384 5480 ilicbaolem.
1400 5459 1428 5468 —
1444 5439 1504 5481 t'oll.
1518 5442 1547 5479 tr.
1565 5448 1586 5488 p.
1602 5436 1632 5477 ¹¹³-
1648 5458 1676 5466 -
1697 5434 1743 5485 nii)
1756 5442 1780 5474 ¹1¹
1794 5433 1937 5476 mombar:
1953 5435 2009 5500 lidi.
2018 5438 2103 5487 colis.

147 5496 176 5541 c.
191 5496 232 5540 tv.
253 5495 299 5550 tit)
313 5507 360 5541 scr.
375 5500 406 5542 A.
421 5501 594 5545 stat-coti.
609 5504 638 5543 tr.
654 5511 677 5553 p.
691 5510 713 5552 p.
733 5501 752 5542 l.
767 5502 784 5541 t.
797 5500 836 5543 us.
850 5507 870 5540 c.
885 5499 907 5543 ti.
921 5508 987 5549 seqq.
1004 5517 1032 5526 —
1058 5497 1104 5547 til)
1150 5505 1184 5546 pr.
1200 5494 1290 5545 Lugdd.
1306 5496 1335 5536 ll.
1352 5495 1391 5535 lll.
1407 5518 1436 5526 -
1463 5494 1509 5547 tit)
1524 5493 1679 5545 explicassem
1694 5491 1915 5542 eicooperniraem:
1932 5501 1990 5544 orig.
2005 5514 2034 5526 -
2055 5494 2087 5541 αι

102 5574 107 5579 -
147 5552 257 5595 mm:
278 5553 337 5596 aad,
352 5555 412 5607 ΛΠ),
427 5556 485 5599 m
506 5579 535 5590 ..
561 5555 873 5610 mmmmm:
895 5553 1107 5597 ensesue:
1150 5550 1317 5602 nausimus:
1332 5549 1390 5592 bin.
1405 5551 1460 5595 soll.
1475 5560 1497 5592 s.
1512 5573 1541 5582 -
1568 5547 1854 5601 ietuesttersntissime:
1872 5546 1915 5589 ild.
1929 5546 2030 5591 Bas-
2045 5550 2090 5597 ’71)

149 5606 178 5653 0.
191 5607 222 5651 V.
240 5609 288 5662 63)
302 5609 362 5654 Call.
378 5616 407 5654 tr.
423 5623 445 5663 p.
460 5611 491 5654 lb.
512 5624 547 5651 =
575 5613 602 5657 c.
618 5614 658 5657 vl.
679 5612 726 5665 iti)
741 5614 892 5664 lpsatamen
907 5609 1108 5653 rernsneounitn
1149 5607 1220 5649 lotia:
1242 5606 1301 5648 aud.
1319 5607 1374 5648 coll.
1389 5617 1410 5650 o.
1433 5628 1461 5637 -
1490 5606 1536 5659 71)
1550 5604 1664 5661 daturis:
1686 5602 1745 5645 lidd.
1760 5604 1820 5654 Ara.
1842 5604 1898 5646 Bae.
1918 5625 1948 5636 -
1976 5604 2022 5660 71)
2036 5606 2105 5654 tilde

149 5668 255 5708 sunteas
268 5665 360 5710 Gelasil
374 5670 438 5711 tomo
453 5668 484 5711 de
498 5669 658 5712 matirenmtis
673 5668 777 5712 vinculo.
790 5688 820 5700 -
833 5667 894 5712 coll.
908 5671 937 5709 tr.
952 5676 974 5718 p.
989 5664 1020 5707 ib.
1035 5687 1064 5697 -
1078 5661 1107 5705 ci.
1150 5664 1294 5705 ιιιιὶιιιαηιιιιε
1316 5662 1374 5704 uun
1390 5664 1444 5707 coll.
1460 5673 1481 5706 o.
1502 5676 1537 5703 =
1566 5663 1593 5705 t).
1608 5662 1647 5704 lx.
1670 5659 1715 5712 iii)
1730 5671 1776 5702 scr.
1791 5660 1822 5704 A.
1840 5656 1907 5703 1080.
1924 5680 1953 5694 ·-
1973 5661 2034 5706 ans.
2049 5664 2066 5708 l.
2082 5667 2103 5711 1.

149 5718 349 5772 sententiaro.
364 5728 414 5768 eti.
429 5747 459 5757 -
486 5726 660 5778 &imorcer
675 5725 718 5768 lid.
734 5726 791 5768 lias.
806 5747 835 5757 -
863 5720 1033 5776 nilirrferno:
1048 5719 1107 5764 lini.
1151 5730 1169 5761 c
1185 5718 1223 5762 tii.
1253 5720 1296 5761 lvo
1311 5718 1370 5762 l’au.
1386 5719 1400 5762 l.
1415 5721 1438 5762 ὁ.
1453 5729 1473 5763 c.
1490 5719 1543 5763 1014.
1558 5719 1628 5761 liscr.
1643 5717 1695 5769 ιιό.
1710 5717 1842 5760 obis:
1870 5716 1896 5759 0.
1911 5715 1940 5760 Χ.
1964 5717 2010 5771 rt)
2025 5719 2107 5772 potin

150 5776 206 5820 coll
220 5787 244 5819 n.
259 5797 288 5809 -
315 5778 361 5833 tt)
376 5782 398 5824 et
413 5782 453 5825 ut:
468 5782 536 5824 saed.
551 5804 580 5813 -
606 5781 846 5835 &lacessentium
862 5779 930 5822 saed.
951 5793 987 5820 =
1015 5777 1106 5821 ΗΠ.
1152 5786 1184 5818 ex
1205 5775 1290 5818 cadom
1310 5787 1347 5827 ep.
1370 5775 1479 5829 Gregorii
1493 5777 1544 5820 vll.
1561 5795 1590 5806 -
1611 5774 1672 5818 Ans.
1692 5774 1708 5817 l.
1726 5775 1747 5816 l.
1768 5783 1788 5815 c.
1804 5772 1835 5816 ts
1850 5769 1919 5826 (et).
1934 5775 2035 5819 -l‘sn
2050 5776 2068 5821 1.
2080 5778 2105 5824 ⁵,

149 5831 197 5885 llll)
212 5830 274 5876 coll.
294 5835 325 5879 tr.
345 5846 369 5889 p.
390 5836 422 5880 ib.
436 5860 466 5871 -
487 5839 549 5882 Αιιι.
570 5838 587 5882 l.
604 5839 625 5881 l.
646 5847 666 5881 a.
683 5837 711 5880 tl
728 5836 797 5890 (iis).
819 5856 849 5869 -·
883 5835 929 5889 60)
945 5843 1026 5888 quan:
1047 5831 1108 5876 lidd.
1151 5842 1171 5875 c.
1188 5831 1240 5875 titis.
1269 5832 1353 5883 vob-c.
1373 5832 1390 5875 l.
1406 5834 1428 5876 l.
1449 5837 1466 5877 t.
1480 5832 1519 5876 st.
1540 5853 1570 5865 -
1598 5830 1643 5884 tn)
1657 5829 1820 5886 repentibus:
1842 5826 1901 5872 sic
1915 5829 2007 5884 Lucilii
2021 5832 2107 5882 ulli.

149 5888 245 5931 ιιιιιι.
264 5908 293 5922 -
317 5889 810 5951 ¹il)qsrstsssrseosossesententiesttmseii:
831 5892 950 5941 aselb-
976 5888 1108 5943 dilata:
1152 5887 1704 5946 -sesitttsselleattttstlldtlctstreb-a·
1732 5882 1945 5940 titatium.

152 5940 1110 6006 mesenes-cermntnmeeeuuc-atttsor·
1248 5966 1252 5974 ·
1527 5944 1534 5963 “
1695 5958 1701 5989 ι
1807 5978 1812 5987 -
1861 5978 1870 5993 .

1756 5998 1799 6068 19
