4658 6442
121 248 207 357 ‚m

141 439 287 512 quereiam
310 439 464 494 iustumne
478 434 770 503 baberecredidsrit,
794 456 851 496 non
867 443 947 508 prius
965 443 1101 511 primates

140 517 195 571 aut„
213 512 286 563 aiios
308 509 416 563 iudices
439 507 543 570 adut,
568 520 650 562 otiam
672 508 765 573 ipsos,
787 524 806 561 a
823 510 924 579 quibus
942 527 973 565 se
990 510 1099 564 lassum

140 577 335 645 sesumam),
351 577 501 646 conveniat
517 573 712 639 familiariter,
729 581 760 627 et
777 592 834 631 non
851 578 955 646 semsi,
974 579 1024 632 scd
1038 593 1103 631 sae·

139 648 271 718 pissime,
296 652 328 698 ut
352 647 388 698 ab
412 645 454 698 eis
481 649 532 695 aut
554 655 636 694 suam
659 643 795 697 iustitiam
815 649 953 714 accipiat,
978 652 1030 699 aut
1047 649 1101 699 ‘iu-

139 718 229 769 stam‘
247 715 467 768 excusationem.
501 712 540 760 lic
556 711 653 774 infra.-
678 709 709 763 tit
727 719 822 766 autem
839 728 921 767 secus
938 717 1046 785 egerit,
1064 715 1101 767 ab

139 785 149 835 i
169 786 207 836 sis
226 789 256 835 et
273 781 308 834 ab
326 781 390 835 aliis
407 779 603 832 communione
610 779 745 846 ..privetur
757 783 1100 853 unqaamiiportoiorum

162 858 312 918 atrumque
329 849 449 902 aliorum
468 851 638 901 contemtor.

467 1026 544 1071 'tores
566 1020 759 1082 episcoporum.

138 1090 207 1141 trin
224 1089 421 1143 Era-rictus
436 1083 514 1156 Papa
531 1089 667 1151 lipi’icopi‘i
684 1104 734 1152 per
751 1086 915 1154 Aegyption,
939 1103 984 1153 ep.
1002 1085 1099 1156 wi)

138 1157 174 1226 ΙΙ
201 1175 249 1243 qui
280 1178 348 1225 sunt
369 1173 582 1238 uituperatores
612 1177 663 1224 eut
695 1176 875 1225 accusatores
901 1174 1097 1241 episcoporum

136 1241 236 1308 vaist)
263 1241 436 1310 reliquorum
462 1238 658 1303 sacerdotum,
684 1255 739 1293 uon
759 1247 881 1308 oportet
898 1255 948 1293 eos
966 1256 984 1292 a
1001 1240 1099 1292 iudici·

42 1328 50 1351 i
136 1309 190 1363 bue
208 1308 345 1362 ecciesiae
365 1308 474 1370 audiri,
493 1314 645 1375 autequam
667 1321 765 1359 eorum
784 1308 953 1360 discutiatur
970 1311 1109 1363 aestima.

138 1377 276 1445 tionisil)
296 1377 420 1442 suspicio
437 1374 482 1426 rei
500 1375 610 1443 opinio,
632 1389 688 1442 qua
703 1376 869 1440 intentione,
887 1391 943 1445 qua
959 1377 1025 1440 lide,
1042 1391 1097 1447 qua

138 1446 317 1508 temeritate,
345 1458 401 1512 quii
423 1442 498 1504 rita,
526 1458 582 1511 qua
605 1445 794 1507 conscientia,
822 1459 913 1512 quone
931 1447 1048 1509 merito,
1072 1445 1096 1496 si

137 1529 190 1583 pro
208 1513 287 1575 Deo,
312 1517 362 1563 aut
379 1511 437 1578 ⁴pro
459 1526 533 1562 iana
556 1510 664 1581 gioria,
691 1518 742 1563 aut
765 1513 926 1576 inimicitia,
946 1513 997 1566 ¹rei
1020 1513 1096 1575 odio,

137 1588 188 1634 aut
207 1579 363 1647 cupiditate
379 1580 435 1631 ista
453 1581 675 1646 praesumserint
690 1580 756 1631 *nec
773 1580 831 1632 nei.

212 1680 243 1735 C·
260 1679 364 1734 xviii.
397 1680 517 1731 bloiores
537 1689 604 1729 natu
623 1696 676 1730 noir
693 1688 821 1730 accusent
837 1682 892 1732 nisi
906 1684 953 1746 qui
967 1685 1024 1734 sint

391 1757 483 1798 rectae
494 1747 566 1811 fidei·
580 1757 608 1798 et
621 1752 841 1800 concertationis.

172 1833 241 1883 rien
261 1831 434 1884 calixtus
454 1831 530 1901 Papa
544 1835 587 1882 -ed
603 1833 746 1896 Episcopus
767 1833 888 1899 Gallias,
913 1849 952 1896 ep.
968 1830 1063 1901 ΠΜ)

138 1899 344 1975 Quaerendum
363 1917 451 1967 estin
468 1915 582 1979 iudicio,
600 1918 679 1970 cuius
693 1919 735 1970 sit
752 1919 975 1971 conversationis
988 1924 1017 1970 et
1030 1915 1096 1969 iidei

138 1984 178 2048 is,
199 1986 245 2053 qui
263 1985 394 2048 accusat,
414 1990 444 2035 et
461 1985 501 2048 is,
521 1987 567 2053 qui
587 1991 747 2049 accusatur,
767 1988 898 2055 quoniam
917 1983 955 2048 iii,
974 1987 1021 2054 qui
1040 2001 1095 2036 non

138 2059 204 2104 sunt
221 2059 317 2103 rectae
335 2053 556 2119 conversationis
573 2066 607 2102 sc
625 2053 709 2116 iidci„
729 2061 758 2107 et
776 2069 895 2122 quorum
915 2055 973 2104 uita
992 2059 1036 2105 est
1053 2067 1096 2104 ac·

92 2158 95 2162 .
139 2119 336 2181 curabilisii),
357 2127 387 2170 et
404 2134 522 2186 quorum
542 2118 630 2183 tides,
650 2121 761 2189 tituil)
780 2130 810 2173 ct
825 2122 942 2174 libertas
961 2122 1096 2183 nescitur,

137 2203 195 2240 non
212 2187 413 2256 permittuntur
430 2191 552 2239 maiores
572 2195 639 2239 natu
657 2203 802 2243 accusare.
830 2189 935 2258 Neque
951 2190 1109 2263 iiiesper·¹
1135 2240 1138 2250 ,

138 2270 225 2309 sonae
244 2257 273 2306 ia
290 2269 387 2306 corum
405 2255 579 2322 recipiantur
595 2257 786 2309 accusatione.

85 2405 88 2409 .
157 2356 187 2410 C.
204 2354 282 2409 xix.
315 2356 419 2420 Absque
436 2358 534 2407 duobus
550 2359 595 2406 iet
612 2360 696 2408 tribur
715 2360 823 2408 testibus
839 2374 893 2408 non
910 2363 1077 2424 recipiuntur

422 2429 601 2488 episcoporum
620 2431 814 2477 accusationes.

43 2537 47 2551 ·
138 2511 206 2560 ltine
227 2506 357 2560 Sirius
377 2505 453 2576 Papa
471 2510 504 2560 il.
529 2512 567 2559 ad
588 2511 729 2574 Episcopos
746 2511 914 2572 Hispaniae,
941 2528 982 2575 cp.
1001 2509 1096 2575 1449)

137 2579 299 2644 Accusatio
322 2593 417 2660 cpisco
457 2607 519 2643 rum
545 2608 600 2644 non
620 2600 664 2646 est
680 2592 763 2646 facile
782 2593 958 2661 recipienda„
985 2594 1097 2647 dicente

136 2659 328 2741 Domino⁵⁰):
360 2663 420 2709 Non
485 2662 728 2726 ci'piicsili'oocern
750 2665 889 2712 nientiacii.
923 2663 960 2713 Et
979 2664 1097 2728 Aposto-

138 2729 301 2864 iilpiiiiiiiam
319 2796 425 2864 absque
452 2796 561 2848 duobus
586 2799 631 2849 vei
655 2797 746 2848 tribus
770 2797 880 2850 idoneis
900 2797 1029 2849 testibus.
1065 2797 1096 2851 Si

138 2862 209 2915 baec
226 2863 268 2935 de¹
280 2864 453 2931 presbyteris
471 2864 515 2915 rei
532 2866 636 2917 ceteris
653 2864 784 2917 iideiibus
804 2870 870 2918 sunt
885 2864 1094 2934 praecauenda,

138 2936 243 3001 quanto
260 2933 350 3000 magis
367 2932 402 2983 dc
419 2931 576 3001 episcopisi
1107 2944 1109 2948 ·

171 3033 202 3088 C·
220 3030 284 3085 XX.
318 3036 374 3084 d’ro
395 3037 454 3087 sola
473 3038 644 3086 cornelione
660 3037 782 3098 epiceopi
804 3050 856 3086 nen
871 3030 1062 3088 siibnsoeecttur

448 3106 544 3167 olibula
562 3121 580 3153 a
597 3108 784 3157 communione.

248 3187 317 3236 iterii
337 3200 372 3238 ex
387 3187 515 3240 Concilio
535 3187 795 3239 Aurelianensi
813 3185 834 3237 Ι.
859 3200 884 3237 c.
901 3186 982 3255 8.⁵³)

138 3251 176 3322 84
192 3271 255 3339 quis
273 3270 459 3351 abepiscopo
477 3271 567 3334 *suo*,
588 3270 636 3322 cel
654 3270 689 3323 de
708 3271 844 3331 ecclesia,
861 3271 906 3351 ¹vel
926 3271 961 3323 da
980 3274 1094 3342 proprio

138 3341 202 3391 iure
226 3338 331 3406 aliquid
359 3339 512 3390 crediderit
534 3338 737 3406 repetendum,
764 3341 787 3390 si
811 3336 878 3389 nihii
899 3343 1020 3392 convicii
1045 3348 1096 3393 aut

138 3408 343 3458 criminationis
370 3407 525 3472 obiecerit,
552 3422 614 3458 cum
639 3421 689 3474 pro
703 3407 768 3457 seia
782 3409 971 3461 conventione
989 3424 1007 3461 a
1024 3424 1097 3463 coui-

137 3476 271 3527 munione
289 3475 426 3527 acclesiae
444 3491 500 3527 non
519 3475 605 3526 liccat
624 3474 796 3527 submoueri.

156 3624 159 3629 .
211 3575 242 3629 C.
259 3574 335 3629 xxi.
373 3580 464 3638 Quare
481 3560 582 3628 subditi
596 3578 733 3639 praelatos
751 3591 813 3627 suoi
830 3568 1023 3638 reprehendere
1057 3562 1061 3571 ¹

519 3661 573 3694 nois
593 3653 715 3707 possiunt.

315 3711 383 3760 Item
402 3711 599 3764 Erasistus
618 3712 709 3778 Papa,
731 3713 807 3775 epist.
823 3709 918 3777 11.⁸⁴)

137 3774 217 3846 Sunt
233 3795 369 3856 nonnulii,
389 3797 436 3863 qui
456 3797 633 3863 praepositui
650 3811 717 3847 suoi
730 3809 863 3862 perterre
876 3790 1109 3863 reprehendunt,

138 3862 164 3913 si
183 3862 225 3914 sei
245 3877 342 3928 parum
360 3867 428 3930 ipsis
446 3864 557 3916 iiioiesti
575 3866 742 3915 exstiterint.

410 254 627 343 ormam
654 268 1020 342 aecumaecui
1047 248 1206 345 cnosi
1224 273 1273 342 u.
1296 272 1504 352 cuman.
1518 273 1601 347 iu.
1632 274 1839 350 eir-ii.

253 2729 361 2791 ”fluis
384 2729 519 2780 fldfflffl
537 2729 733 2797 llmbi'oelum
752 2732 962 2797 fnlcflififflm
981 2745 1035 2781 ¹¹⁰⁰
1056 2745 1098 2781 Ν·
1138 2756 1220 2812 sunt,
1243 2752 1285 2802 ita
1310 2757 1339 2802 ct
1362 2753 1389 2802 in
1414 2753 1577 2804 testimonio
1600 2751 1722 2804 hunuano
1740 2752 1818 2803 dubii
1836 2750 1984 2808 habentur.

1976 238 1977 242 Ὺ
2040 278 2121 354 sis,

1213 440 1342 494 Gratiani.
1375 442 1527 507 Opponiinr
1541 442 1605 493 duic
1621 446 1805 497 distinctioni-i
1825 448 1887 513 ipit
1902 452 1978 502 sacri
1992 462 2105 507 moires

1145 513 1326 575 distinguunt,
1351 513 1379 559 in
1395 528 1454 575 'qno
1479 526 1545 561 corii
1564 517 1689 575 pastores
1713 519 1770 566 mne
1785 522 1935 568 amarandi
1949 536 1968 568 a
1983 522 2104 581 subditis,

1144 583 1277 630 danim
1311 579 1428 646 oresio)
1450 585 1579 647 pastores
1601 595 1670 632 sues
1690 597 1752 636 non
1779 591 1916 638 accusent
1938 601 1991 639 nec
2008 602 2104 658 repre-

1144 645 1283 709 bendani,
1296 647 1357 698 *nisi
1376 660 1394 697 a
1413 645 1469 703 tide
1489 646 1716 701 exorbitaverint.
1751 651 1820 703 iisse
1834 656 1867 704 in
1884 671 1938 719 ,quo
1958 671 2023 707 coru
2041 654 2105 709 suin

1143 717 1325 767 menindici
1342 717 1470 765 subditis:
1487 718 1515 763 i'ii
1533 717 1595 764 aiiii
1611 726 1700 765 autern
1719 711 1838 772 asininas

1210 783 1258 834 iti.
1275 782 1391 834 Pars.'
1409 783 1472 850 41.
1494 784 1565 833 Huic
1585 789 1744 847 oppositioni
1765 791 2016 853 respondetm‘sicc
2049 790 2104 841 Di·
2183 804 2186 819 ¹

1142 853 1251 901 iunctio
1274 854 1326 900 -ittir
1350 866 1482 901 mnonuni
1504 854 1756 906 donantnouant
1772 859 1918 923 insanitas
1935 861 2101 924 intelligitur.

180 953 212 1008 0·
228 949 318 1008 xvii.
351 951 416 1005 ”Nisi
431 952 553 1016 pp'inione
570 950 690 1000 dacum
708 964 760 1000 non
777 953 927 1005 sudantur
942 912 1061 1011 iieeiisip-¹
1110 928 1112 993 J
1145 918 1211 971 ⁰⁰⁶⁸
1226 923 1297 970 Μ*
1314 922 1520 987 ‘'imm“
1535 918 1652 985 “sm
1663 919 1802 985 {titivm
1822 941 1898 975 tun
1915 942 2046 979 occurere
2060 928 2105 980 edi

1141 990 1333 1051 reprebendens
1348 1004 1401 1038 non
1415 997 1548 1051 possum,
1565 991 1620 1039 nisi
1634 1005 1654 1037 a
1665 989 1725 1051 fide
1742 994 1945 1044 iiirorbitaoeri't.¹
1980 999 2102 1048 camsi

1141 1059 1168 1106 si
1182 1074 1200 1106 a
1211 1056 1271 1119 side
1287 1059 1497 1117 exorbitaverit,
1522 1065 1603 1106 tanta
1627 1062 1672 1108 ert'
1689 1060 1760 1110 lobes
1782 1062 1854 1112 itli'ui
1877 1065 2012 1130 nmina,
2033 1068 2104 1128 quod

1142 1127 1180 1174 nd
1199 1130 1255 1177 eius
1273 1128 1471 1176 occsrnionsni
1488 1131 1517 1172 et
1533 1125 1608 1175 ser'oi
1623 1127 1750 1177 amerius
1768 1130 1924 1194 dominini,
1938 1138 1972 1180 et
1989 1134 2103 1197 ,qudtbae

1141 1197 1281 1245 criminosi
1294 1202 1322 1244 et
1336 1195 1454 1259 insanies
1472 1195 1601 1244 adoerius
1619 1197 1759 1257 quenlibet
1773 1200 1959 1252 admittuntur.
2010 1211 2024 1219 ·

1188 1279 1271 1349 siinde
1289 1277 1501 1348 Dionys-ius
1528 1274 1607 1346 Papa
1631 1280 1671 1327 ad
1693 1280 1858 1332 siverunt
1882 1283 2049 1353 Episcopum,

1492 1347 1576 1411 epist.
1594 1344 1739 1416 11.‘l)⁸⁷)·:

1170 1447 1205 1501 (l.
1228 1446 1332 1501 xxiii.
1371 1447 1499 1514 dilanier
1515 1456 1551 1497 et
1566 1448 1703 1498 *metiri
1724 1447 1841 1502 tarnim
1861 1451 1950 1502 mnae
1963 1454 2068 1520 sonos

1439 1531 1579 1567 -accusare
1598 1533 1651 1567 nori
1670 1526 1794 1578 possunt.

1105 1634 1108 1641 .
1142 1579 1238 1649 Alieni
1265 1599 1370 1649 erroris
1394 1600 1516 1662 socium,
1540 1600 1584 1650 rei
1606 1613 1624 1649 a
1644 1601 1687 1649 sui
1705 1599 1863 1653 voluntaris
1884 1607 2022 1673 propositi
2043 1612 2099 1662 trs-

1106 1718 1109 1727 ,
1141 1667 1208 1717 mite
1227 1666 1424 1730 recedentem,
1443 1675 1495 1718 aut
1509 1668 1600 1719 sacris
1619 1665 1733 1718 Petrum
1750 1669 1856 1737 regulis
1869 1681 1906 1722 -et
1923 1676 2099 1730 consedutio·

1140 1733 1222 1784 nibus
1246 1748 1301 1785 non
1328 1733 1507 1787 obedientem
1528 1735 1673 1802 suscipere
1699 1749 1754 1787 non
1794 1751 1923 1790 assumus
1944 1756 1997 1794 nec
2017 1743 2101 1799 debe·

1141 1816 1218 1863 mus,
1237 1817 1297 1853 uec
1318 1803 1720 1870 impetere-rectacredentcs
1740 1750 1964 1860 reisanctorum
1982 1801 2098 1871 Patroni

1140 1869 1332 1921 sanctionibus
1345 1870 1572 1938 obtemperantes
1582 1873 1778 1937 permittimus,
1791 1875 1858 1938 quia
1870 1873 1988 1928 infames
1999 1892 2098 1935 omnes

1140 1952 1202 1990 erse
1213 1952 1383 2002 censemur,
1407 1941 1455 2006 qui
1470 1954 1552 1990 suani
1563 1939 1608 2006 Η)
1633 1944 1683 1990 aut
1701 1936 1885 1992 Christianam
1904 1949 2099 2010 praevarican-

1106 2049 1109 2056 .
1140 2011 1186 2056 tur
1202 2004 1311 2073 legem,
1335 2013 1385 2057 aut
1399 2007 1588 2075 apostolicam
1601 2006 1650 2059 -isi
1666 2006 1829 2076 regularem
1847 2009 1969 2066 libenter
1985 2023 2097 2087 postpo·

1139 2078 1209 2125 nunt
1227 2075 1436 2128 auctoritatem.

1172 2174 1203 2229 C.
1219 2172 1321 2227 xxiv.
1352 2176 1526 2226 ebusitanis
1539 2192 1672 2227 accurare
1681 2178 1732 2226 eei
1746 2179 1774 2227 in
1791 2193 1835 2229 ess
1846 2179 1997 2241 testificari
2007 2199 2064 2236 nori

1265 2256 1268 2261 ·
1299 2254 1414 2306 possunt
1431 2249 1480 2307 pu'i
1494 2245 1579 2306 fidem
1598 2254 1734 2308 acceptans
1751 2249 1934 2302 deseruerunt.

1247 2329 1318 2378 tien
1344 2343 1378 2380 ex
1404 2328 1529 2381 concilio
1555 2329 1744 2383 'i'oletano
1767 2329 1817 2384 iv.
1849 2346 1873 2384 c.
1890 2331 1986 2398 635⁹.)

1138 2393 1205 2462 Non
1229 2418 1324 2478 potest
1348 2427 1379 2464 er
1399 2427 1417 2464 s
1441 2410 1568 2465 hoiiiincs
1592 2429 1655 2467 essa
1679 2414 1771 2467 tidelis
1796 2415 1844 2483 qui
1868 2415 1930 2471 Deo
1957 2390 2099 2477 exstiterit

1131 2477 1303 2544 iniidusw).
1336 2480 1367 2531 iu
1390 2481 1434 2533 aei
1451 2496 1535 2549 ergo,
1553 2485 1599 2549 qui
1617 2481 1723 2533 durium
1737 2480 1892 2534 -Ciiristiani
1912 2485 2006 2540 effecti
2022 2497 2098 2556 sunt,

1140 2553 1169 2598 ct
1188 2548 1314 2614 nuiic⁶¹>
1331 2547 1434 2601 Christi
1446 2550 1589 2617 .iidem⁶²)
1601 2551 1795 2618 ⁴praevaricati
1813 2558 1894 2614 suut,
1917 2555 1954 2605 ad
1973 2559 2096 2612 testimo·

1139 2614 1215 2664 nium
1241 2614 1391 2667 dicendum
1420 2617 1530 2668 uiinntti
1557 2633 1614 2668 non
1636 2617 1754 2680 debent,
1783 2622 1909 2684 quamtis
1929 2627 2097 2692 esse⁶¹ine
2123 2618 2129 2632 ⁸

1140 2679 1313 2735 Christianos
1331 2686 1516 2747 annuncient,
1536 2687 1617 2752 quia,
1639 2687 1714 2736 sicut
1730 2684 1834 2738 iulide
1847 2684 1953 2741 Christi
1971 2696 2095 2812 suspecti
2182 2688 2189 2707 ‘

1139 2819 1209 2868 mari
1234 2821 1331 2887 *ergo*
1356 2828 1470 2887 oportet
1493 2835 1591 2872 eorum
1609 2821 1817 2882 testimonium,
1843 2823 1937 2888 quiin
1958 2826 2014 2879 tide
2031 2763 2122 2882 iafliii⁸

1139 2884 1293 2949 docentur,
1312 2901 1364 2938 nec
1376 2889 1424 2941 eis
1438 2893 1488 2941 est
1500 2887 1679 2942 credendum
1687 2924 1697 2954 ,
1715 2889 1763 2958 qui
1780 2889 1909 2944 raritatis
1925 2906 1945 2945 a
1955 2909 1995 2947 -so
2008 2895 2094 2951 tidem

1138 2952 1366 3024 abiecerunt⁶i).

1171 3054 1202 3107 G.
1220 3054 1310 3109 XXV.
1344 3057 1494 3119 Haeretici,
1511 3058 1611 3108 ludaei
1624 3060 1666 3109 nel
1677 3061 1785 3124 pagani
1800 3021 1968 3117 Christianos
1984 3081 2061 3117 ures·
2126 3065 2135 3076 “

1462 3142 1528 3183 aare
1547 3143 1600 3177 non
1615 3132 1772 3193 possuntt).
2062 3129 2067 3143 '

1298 3211 1367 3262 iteris
1385 3210 1491 3263 Cuius
1513 3206 1590 3280 Papa
1607 3212 1727 3262 Futiit
1740 3213 1933 3282 Episemou).

1139 3276 1270 3362 Pagaui,
1284 3295 1331 3349 -vei
1348 3293 1500 3358 haeretici,
1518 3297 1578 3348 sire
1595 3294 1693 3348 iudaei
1712 3308 1774 3349 non·
1786 3306 1903 3364 possunt
1921 3295 2094 3355 Christianos

1138 3377 1290 3424 accusare,
1311 3371 1361 3416 aut
1378 3377 1475 3415 rocem
1488 3365 1535 3415 eis
1552 3362 1742 3416 infamationis
1759 3364 1873 3417 iot'errc.

1205 3428 1333 3482 Gratiam
1370 3434 1402 3481 In
1421 3432 1470 3480 lioc
1487 3436 1575 3495 capite
1596 3436 1762 3494 decernitur,
1782 3441 1813 3482 nt
1828 3434 1961 3484 baeretici
1974 3451 2027 3485 non
2039 3440 2107 3487 i'ie-.

1133 3507 1230 3560 petant
1253 3509 1324 3550 recte
1347 3502 1490 3550 credentes.
1531 3502 1606 3549 Unde
1621 3509 1731 3564 econtra
1748 3503 1919 3566 intelii'pitur,
1944 3506 2015 3566 quod
2028 3506 2095 3555 bes·

1139 3570 1217 3617 retici
1228 3563 1418 3618 ab'liaerstici'i
1437 3571 1530 3631 irnpeti
1541 3578 1661 3631 possunt.
1697 3570 1764 3618 Iteni
1780 3587 1799 3618 a
1814 3575 1924 3620 transite
1940 3575 1985 3627 sui
1998 3589 2094 3637 propo·
2125 3612 2129 3622 ,

1106 3680 1110 3698 2
1137 3640 1185 3687 riti
1207 3639 1358 3687 voluntarie
1382 3640 1532 3686 recedentes
1558 3654 1611 3686 non
1630 3647 1745 3700 possm
1761 3641 1886 3700 impetere
1900 3649 2040 3692 cernentes
2053 3645 2095 3692 li·

1107 3758 1112 3767 ,
1138 3709 1224 3754 mitens
1248 3722 1315 3755 suae
1330 3708 1518 3772 professionis.
1554 3706 1600 3754 Er
1615 3707 1670 3755 boc
1687 3709 1910 3771 daturinteliigl,
1935 3712 2007 3770 quod
2021 3726 2094 3760 recr-

1137 3778 1226 3824 dentes
1245 3790 1264 3822 a
1285 3791 1335 3824 suo
1357 3778 1493 3836 preponito
1510 3776 1633 3823 si'iniiiter
1648 3777 1797 3825 recedenter
1818 3778 1961 3826 criiniisers'
1970 3787 2094 3839 possum.

1139 3845 1205 3892 Item
1224 3859 1276 3891 non
1294 3844 1438 3891 obedientes
1456 3845 1636 3892 cantionibus
1655 3851 1809 3893 sanctoruni
1829 3845 1942 3893 curun
1961 3861 2014 3894 non
2029 3863 2095 3909 pse·

198 3928 332 3981 ‚Gratiam
367 3933 413 3980 Ee
436 3934 477 3981 m„
504 3936 621 3982 onus-53,
642 3935 728 3981 pm,
751 3933 878 3994 fugem-357
904 3935 974 3993 qm
997 3933 1039 3980 515,-
1061 3933 1096 3979 ap,
1136 3920 1200 3961 sunt
1225 3926 1361 3993 accusare.
1375 3912 1584 3993 obtemperantes
1610 3915 1696 3960 sacris
1720 3914 1957 3961 constitutionibus.
1988 3914 2027 3960 :In
2040 3930 2095 3977 pue

137 4002 501 4065 “wan-,mmemmwr’
521 4005 569 4063 qm·
586 4017 639 4049 m
658 4002 802 4064 uffmpm
819 4002 953 4063 007534353,
970 4004 1017 4048 „d
1028 4016 1094 4062 pm,
1136 3981 1259 4029 ri'iiii'li'ter
1275 3980 1447 4041 intelligitur,
1472 3981 1541 4039 quod
1556 3980 1762 4027 inobedientibus
1777 3981 1948 4029 inobedientes
1964 3996 2095 4032 accusare

135 4068 221 4115 odota
242 4083 309 4116 suae
332 4072 445 4117 ditionii
470 4073 550 4118 eitam
575 4086 664 4118 eorum
691 4069 836 4130 delicatiore
860 4076 886 4115 et
904 4070 1096 4129 reprehendere

136 4143 279 4197 quaerent.
321 4134 383 4201 §.L
407 4139 483 4197 Quod
505 4154 567 4186 nero
589 4140 746 4200 praemissis
771 4138 978 4186 auctoritatibus
1004 4141 1094 4186 crimi-

137 4206 198 4250 icosi
216 4205 410 4264 prohibeantur
430 4206 465 4251 sb
484 4210 654 4255 accuratione
674 4207 874 4269 praeterirem,
901 4212 1017 4255 testatur
1033 4209 1094 4257 Au·

136 4272 310 4338 guitinus
330 4275 356 4319 in
373 4274 417 4323 lib.
437 4274 657 4338 soliloquiorum,
676 4280 716 4322 i'ta
734 4277 839 4322 dicens:

213 4370 244 4421 0.·
262 4369 350 4423 xxti.
386 4374 443 4422 Non
462 4391 549 4424 omncs
565 4376 678 4434 rubuit,
698 4377 745 4425 red
759 4376 899 4423 criminosi
907 4380 1017 4423 ,tantuna

372 4444 548 4505 providebatur
565 4459 695 4496 accusare
705 4444 855 4505 praelatos.

136 4502 331 4574 praesumunt
344 4525 386 4591 64)
412 4526 531 4592 [inuoluti
557 4541 613 4577 non
632 4525 737 4577 debere
754 4540 785 4577 se
803 4521 970 4589 reprobandi
989 4522 1032 4574 ici
1047 4536 1095 4573 ac·

139 4591 251 4654 curari,
271 4605 327 4657 pro
339 4607 395 4654 cii,
421 4594 496 4660 quod
515 4608 636 4645 canones
657 4609 711 4644 nou
729 4608 778 4645 eos
796 4593 900 4660 passim
917 4593 1095 4641 consutuunt

138 4657 322 4710 accusandos.
358 4660 439 4721 uuio
465 4668 704 4729 tainen'ncgatur
724 4660 981 4721 soiiscrioiinosis,
1009 4673 1093 4724 quum

138 4723 175 4778 de
199 4723 431 4793 reprehendendo
451 4731 557 4780 veritas
581 4731 642 4795 ipsa
667 4728 889 4791 consutuat³⁶):
924 4728 956 4776 Si
972 4729 1039 4775 niele
1057 4729 1095 4777 lo·

137 4803 213 4846 estus
230 4811 303 4859 suni,
323 4800 500 4848 testimonium
512 4798 624 4862 perdite
641 4801 672 4847 de
689 4799 776 4862 molo,
796 4803 846 4844 etc.

1136 4051 1205 4098 licet.
1244 4049 1318 4095 Unci
1339 4048 1502 4110 generaliter
1520 4047 1660 4109 colligitur,
1678 4049 1748 4109 quod
1765 4049 1792 4095 in
1807 4052 1979 4097 accusatibne
1994 4064 2095 4112 aequa·

1136 4119 1200 4166 litor
1225 4114 1296 4178 fidei
1319 4123 1345 4164 et
1368 4116 1575 4171 conuersationis
1600 4117 1671 4163 i‘nter
1695 4124 1865 4163 occurentem
1889 4123 1916 4163 et
1939 4127 2095 4167 accusaturi

1136 4200 1237 4246 semper
1263 4185 1456 4233 consideranda
1482 4190 1538 4243 eit,
1563 4189 1592 4232 ut
1613 4185 1652 4243 is,
1676 4185 1726 4244 pui
1744 4192 1872 4249 accunt„
1896 4184 1939 4234 oel
1953 4200 2027 4248 par,
2050 4189 2095 4238 ut

1135 4257 1259 4318 superibr
1274 4254 1437 4303 inueniatur.

1155 4357 1185 4407 C.
1202 4353 1304 4406 XXVI.
1338 4353 1680 4403 Haereticiis-liaereticusi
1702 4367 1834 4403 accurare
1855 4359 1883 4403 et
1899 4359 1999 4403 contra
2013 4369 2074 4405 ¹euni

1491 4421 1637 4482 testificari
1649 4428 1745 4483 potest.

1192 4506 1258 4554 itini
1278 4503 1301 4556 N
1311 4503 1507 4555 ocellorum
1527 4506 1675 4556 constit.
1694 4506 1798 4555 nocella
1812 4500 1855 4558 45.
1871 4504 1900 4554 'in
1911 4503 2037 4572 fimi).

1139 4571 1174 4638 Si
1192 4587 1352 4641 iiaercticus
1369 4593 1467 4639 contra
1485 4586 1658 4641 haereticum
1671 4587 1778 4657 iitiget,
1792 4587 1881 4639 iicent
1894 4591 1983 4641 cuiiis
1997 4605 2095 4644 eorars

1138 4654 1310 4707 haereticum
1329 4664 1430 4707 testciu
1450 4655 1602 4708 adducere.
1636 4657 1684 4709 Sia
1700 4664 1794 4708 autem
1809 4653 1981 4710 orthodoxus
1996 4667 2097 4711 contra

1138 4721 1312 4775 haereticum
1330 4724 1431 4791 litiget,
1448 4739 1501 4791 pro
1519 4723 1675 4777 orthodoxo
1694 4725 1806 4792 quidum
1826 4727 1940 4776 *atiani*
1960 4724 2097 4780 haeretici
2164 4749 2167 4753 ’

1137 4793 1329 4843 testimouium
1350 4791 1459 4843 i'aicati
1487 4799 1587 4844 contra
1611 4791 1799 4846 orthodoxum
1825 4801 1918 4844 autern
1944 4795 2032 4846 soiius
2051 4810 2095 4847 or·

675 4892 1061 4984 conscionis
1103 4925 1558 4980 consecrationi.

204 5030 235 5083 C.
254 5028 357 5082 XXiii.
392 5030 466 5099 l)·iu
492 5034 587 5085 multis
609 5034 730 5084 vetustis
754 5027 964 5098 exemptionibus
982 5026 1097 5079 rubrica

138 5094 222 5148 huius
231 5101 332 5165 capitis
343 5101 384 5151 sic
397 5099 496 5154 habet:
514 5103 638 5165 indentes
646 5116 778 5150 accusare
786 5106 899 5162 possunt
908 5098 1054 5146 haereticos
1063 5096 1098 5162 *).

137 5165 238 5218 lualiis
247 5182 314 5219 uero
324 5169 477 5222 nonnuliis:
492 5173 615 5236 Infamia
625 5186 678 5220 non
686 5177 801 5233 possunt
809 5182 940 5219 occurere
950 5165 1100 5217 catboticor.

1212 5028 1242 5081 c.
1266 5026 1355 5083 xxv.
1405 5029 1438 5098 g)
1461 5028 1556 5080 uaria
1587 5029 1723 5096 epistolis
1753 5034 1834 5078 iuni:
1864 4993 1965 5076 4....
1996 5031 2097 5091 ,aim

1139 5099 1227 5160 scias,
1254 5112 1379 5161 paganos
1407 5106 1436 5146 et
1465 5099 1614 5149 haereticos
1641 5114 1694 5148 nari
1724 5112 1803 5159 posse
1826 5095 1991 5146 Cliri‘eti'anes
2012 5113 2097 5147 aecn-

1140 5180 1219 5231 σανα,
1244 5174 1294 5217 etc.

193 5332 325 5386 donent.
341 5335 392 5378 ΠΙ.
422 5337 448 5382 C.
463 5338 527 5383 xvi.
555 5338 602 5395 ta)
614 5339 747 5385 eetutniat:
761 5341 805 5384 lio
816 5338 886 5383 itaer.
901 5359 930 5369 -
943 5336 1064 5382 4444414.
1073 5344 1095 5380 c.
1135 5308 1204 5381 cil.
1218 5346 1253 5375 =
1274 5334 1385 5381 c.xx11.
1399 5333 1448 5390 44)
1462 5334 1541 5390 cipit
1555 5332 1717 5378 incenium·-
1731 5328 1963 5386 ulciscis·
1977 5329 2098 5384 boilum.-

135 5399 171 5429 =
191 5392 218 5435 ι’.
233 5391 306 5434 xvii.
335 5391 380 5443 43)
398 5393 477 5447 caput
495 5395 747 5442 Pseudoisidori.
769 5419 798 5428 -
819 5393 847 5439 ci.
869 5404 935 5438 conc.
958 5396 1039 5439 curib.
1054 5394 1094 5437 lii.

137 5455 157 5488 c.
171 5445 194 5489 8.
207 5469 238 5478 -
251 5447 313 5491 Aris.
328 5449 344 5490 4.
359 5451 383 5491 3.
399 5460 419 5493 c.
433 5452 472 5494 bi.
500 5454 544 5495 ito
559 5456 619 5499 Pau.
634 5455 650 5498 l.
666 5454 689 5498 4.
704 5464 723 5497 c.
738 5452 777 5498 bii.
806 5451 852 5506 44)
867 5454 908 5494 ant
921 5451 1037 5495 utimum:
1052 5448 1096 5494 aa.

136 5502 194 5546 uis
209 5523 239 5534 -
253 5502 299 5558 44)
310 5504 505 5551 existimationis:
519 5510 578 5554 lidi.
591 5513 650 5564 Aru.
662 5513 720 5555 Bas.
734 5508 862 5561 uocauit.
871 5509 910 5551 iii.
923 5532 950 5540 —
965 5509 1049 5560 niger.
1063 5518 1098 5547 =

138 5559 166 5603 c.
181 5559 266 5604 XVIIL
289 5560 335 5616 44)
351 5562 430 5615 Caput
443 5565 700 5624 Pseudoisi-dori,
719 5564 851 5610 coiitectiuu
866 5565 897 5608 aii
912 5575 932 5608 c.
946 5566 1098 5608 4444444414.

139 5616 197 5660 ecci
212 5622 260 5661 aiii.
275 5641 304 5681 7-
318 5620 379 5662 iius.
394 5620 410 5663 4.
425 5621 447 5663 u.
463 5629 484 5664 c.
499 5623 522 5665 8.
553 5625 614 5668 Coit.
629 5629 659 5669 tr.
675 5635 697 5677 p.
713 5634 735 5676 p.
746 5626 766 5666 4.
782 5625 798 5665 t.
809 5623 844 5665 44.
859 5623 926 5666 citi.
949 5622 1036 5666 Burcb.
1051 5621 1097 5664 l.t.

138 5681 159 5714 c..
177 5671 229 5716 ili.
257 5674 302 5716 iio
316 5675 408 5720 Pani.
424 5676 446 5721 4.
466 5688 486 5721 c.
501 5679 540 5723 bl.
560 5681 631 5724 licor.
647 5692 669 5733 p.
684 5681 706 5724 b.
728 5691 748 5722 c.
763 5678 817 5722 att.
839 5703 867 5712 -
900 5676 1098 5732 inculpabilis:

138 5727 199 5771 444.
213 5730 268 5773 coti.
283 5740 305 5773 o.
326 5742 379 5775 exc.
399 5734 458 5786 Arg.
475 5735 532 5779 iias.
555 5757 584 5767 -
612 5736 659 5790 to)
674 5737 742 5779 abest
758 5736 788 5778 ab
802 5735 862 5779 uod.
878 5735 932 5779 coli.
947 5745 969 5777 o.
990 5745 1025 5788 pr.
1041 5735 1097 5778 iias.

1138 5403 1158 5436 c.
1174 5392 1210 5435 48.
1227 5400 1250 5433 v.
1266 5392 1304 5436 43.
1318 5415 1347 5425 -
1398 5392 1501 5446 )suprn
1515 5401 1568 5444 cap.
1585 5391 1621 5434 43.
1636 5401 1670 5430 =
1700 5390 1725 5434 c.
1741 5390 1826 5433 xxiii.
1847 5387 1895 5441 bt)
1911 5387 1989 5440 caput
2003 5388 2099 5436 Psou-

1138 5446 1300 5492 doiiiidori.
1315 5470 1343 5479 —
1358 5457 1387 5491 c.
1403 5448 1430 5493 c.
1443 5449 1466 5491 3.
1482 5459 1504 5502 q.
1518 5447 1542 5493 4,
1556 5457 1576 5491 c.
1594 5447 1615 5490 4.
1632 5468 1661 5477 -
1675 5447 1736 5490 Ans.
1751 5448 1766 5490 4.
1781 5446 1804 5490 o.
1819 5455 1840 5489 c.
1854 5444 1893 5489 64.
1908 5467 1942 5509 ,-
1970 5443 2004 5498 t)
2020 5444 2054 5489 itn
2083 5458 2100 5491 n

1138 5505 1180 5550 ild.
1196 5504 1252 5549 Bas.
1268 5507 1394 5548 -contre
1408 5503 1505 5549 4444444.
1521 5505 1581 5549 ven.
1596 5505 1656 5546 4.]1.
1671 5503 1726 5547 Par.
1742 5502 1818 5556 Lugii.
1833 5503 1850 5546 1.
1866 5503 1967 5553 iegitur:
1988 5500 2101 5554 tnfooiiss

1139 5571 1186 5605 non
1198 5564 1297 5614 possunt
1310 5572 1358 5605 occ.
1374 5562 1519 5618 bomettcor5
1535 5561 1560 5604 iu
1574 5561 1616 5604 uo.
1629 5561 1699 5604 Nor:
1714 5558 1814 5612 infernes
1828 5568 1876 5602 occ.
1890 5566 1937 5599 iton
1950 5561 2057 5609 possuit.
2071 5581 2100 5595 -
2120 5578 2124 5585 ·

1140 5618 1186 5672 43)
1201 5619 1268 5662 add:
1281 5618 1366 5674 ptari:
1380 5618 1440 5662 4444.
1455 5619 1509 5662 ocii.
1524 5628 1546 5662 o.
1560 5628 1598 5656 =
1625 5612 1652 5662 C.
1668 5617 1752 5661 xxiv.
1773 5615 1820 5670 43)
1835 5616 1890 5658 buli.
1901 5613 1998 5658 Aaou
2013 5637 2042 5649 -
2052 5618 2100 5663 iio

1140 5676 1210 5719 licor.
1226 5677 1295 5730 ptii.
1309 5674 1375 5719 cuo.
1389 5699 1418 5708 -
1445 5675 1493 5731 60)
1507 5674 1622 5732 infidelis:
1638 5670 1698 5718 uod.
1712 5674 1766 5717 coil.
1783 5683 1804 5716 o.
1821 5684 1856 5725 pr.
1866 5673 1923 5716 tiss.
1938 5694 1967 5702 -
1992 5670 2039 5727 44)
2054 5675 2100 5719 ab·

1141 5735 1179 5776 est
1199 5733 1230 5776 ab
1251 5731 1311 5775 uod.
1331 5732 1423 5785 Lugdd.
1446 5733 1541 5777 Veneti.
1563 5732 1618 5775 Par.
1639 5753 1668 5763 —-
1702 5730 1749 5786 oi)
1764 5731 1788 5772 in
1806 5729 1869 5785 pite:
1891 5725 1950 5770 lidd
1965 5729 2020 5772 coit.
2035 5740 2057 5775 o.
2072 5752 2100 5765 -

139 5783 231 5838 Ludii.
246 5786 275 5828 li.
290 5788 331 5831 111.
351 5800 387 5830 =
422 5791 527 5835 c.x1x.
553 5790 601 5845 43)
623 5794 701 5845 caput
720 5790 973 5836 pseudoisidori
996 5815 1024 5823 -
1052 5788 1099 5843 40)
1135 5789 1370 5843 fflieumiioirceie
1386 5789 1545 5834 ttirtsttisioe:
1560 5786 1698 5841 Goiiiiisp.
1713 5810 1742 5822 -
1763 5783 2100 5841 otienimiiniiciuiiisi.

138 5841 216 5885 ituod
232 5851 253 5886 c.
265 5842 306 5886 bo.
321 5855 345 5888 ν.
362 5848 383 5890 4.
405 5867 433 5878 -
462 5847 509 5902 44)
522 5849 652 5902 coemptor:
668 5848 711 5892 444.
721 5849 778 5892 Bas.
793 5871 822 5880 -
842 5849 960 5901 accipias:
974 5847 1034 5891 4444
1048 5846 1101 5890 reli.

138 5908 169 5930 -·
181 5896 229 5952 44)
245 5899 327 5944 i'i'im.
342 5904 394 5947 eb.
408 5902 528 5947 i·.1o.=
555 5905 582 5949 t).
598 5905 650 5949 xx.
669 5903 716 5958 43)
730 5904 786 5948 aab.
800 5903 895 5948 abir.
911 5924 941 5937 -
955 5903 1017 5949 coli
1031 5906 1061 5947 tr.
1076 5912 1100 5957 p.

140 5954 195 6006 ps
209 5954 272 6000 itt.
286 5956 337 6002 ci.
351 5970 387 6002 =
414 5958 442 6008 C.
456 5960 518 6006 xxi
539 5959 587 6016 44)
602 5960 662 6015 cip.
677 5957 929 6006 Pseudoiettori.
943 5980 973 5993 -
984 5958 1101 6006 444443.

1141 5855 1177 5887 =
1199 5847 1226 5892 c.
1240 5846 1314 5891 XXV.
1336 5845 1384 5899 44)
1399 5844 1477 5901 Caput
1489 5843 1750 5901 Pseudoisitori,
1771 5845 1877 5887 sumtum
1886 5849 1923 5883 cx
1936 5843 2099 5889 bonacurtis.

1143 5903 1195 5949 vit
1217 5902 1399 5948 ct-Aou.
1418 5903 1474 5948 43.
1496 5901 1571 5949 citi.
1599 5897 1787 5947 iioi’nnii.
1806 5897 1882 5945 obit
1903 5907 1939 5938 =
1973 5896 2099 5945 dxxvi.

1143 5956 1774 6015 immisericordiae-tromeda.
1790 5954 1916 6002 4344441.
1928 5950 2003 6010 pta
2015 5955 2098 6004 4434.

1747 6015 1789 6085 27
