4658 6442
116 476 131 509 N

158 269 256 353 tir,

399 431 797 514 oonos'rlo
835 434 881 502 X.

503 550 774 608 GRATIANUS.

161 618 242 699 Quod
257 656 320 691 cers
337 639 521 707 dlecientss·)
542 643 569 688 in
582 641 670 701 prino
687 639 802 699 capituto
820 654 873 688 non
890 640 947 688 sint
964 639 1123 688 admittendi

158 713 196 758 ad
215 712 367 773 sequsntio,
393 722 427 760 eu
446 708 570 760 Concilio
588 703 879 772 Carthaginensi
898 705 959 759 vlt.
972 707 998 775 ¹)
1017 705 1119 769 constr·

159 787 264 843 natur,
284 781 312 828 in
331 793 381 841 quo
399 781 439 828 sic
458 793 517 839 cup.
534 776 560 829 3.
582 782 712 825 statutsss
731 777 847 838 tegitur:

225 878 257 931 (l.
275 877 298 930 l.
334 881 388 940 our
406 866 440 929 in
455 880 545 943 prirns
569 878 685 938 capituto
710 875 801 939 deficit
824 877 863 926 nd
884 884 973 927 cetera
996 892 1049 926 non

552 947 721 995 admittatur.

156 1011 291 1094 Placuit,
315 1034 347 1080 ut
370 1028 728 1097 quotiescunque-clericis
746 1026 781 1079 ab
800 1027 1014 1080 accusatoribus
1029 1025 1117 1078 multa

157 1099 274 1149 crimina
292 1096 479 1157 obiiciantur,
498 1102 527 1149 et
545 1110 628 1148 unum
647 1110 681 1148 es
699 1093 758 1157 his,
778 1095 813 1147 de
831 1111 887 1164 quo
905 1098 980 1162 prius
999 1096 1117 1163 egerint,

110 1200 116 1217 .
157 1166 279 1234 probare
296 1181 353 1218 non
370 1164 560 1228 valuerint2),
580 1163 620 1215 ad
636 1172 733 1216 cetera
750 1166 805 1216 ianr
824 1180 879 1217 oon
897 1165 1092 1216 admittantur.

223 1246 352 1300 Gratias.
384 1250 521 1299 Probatur
537 1250 604 1299 illud
619 1251 687 1297 idern
704 1251 867 1298 autoritate
883 1248 1117 1300 Arelatensis

157 1314 275 1381 concilii
292 1317 342 1381 ll.,
362 1320 390 1367 in
407 1331 458 1381 quo
477 1321 516 1368 sic
533 1333 558 1370 c.
576 1317 619 1372 24.
639 1317 783 1378 diffinitum
799 1317 889 1385 cst³)s

145 1433 153 1447 ³
220 1417 251 1471 C.
268 1415 303 1471 11.
340 1421 394 1481 Qui
405 1419 487 1484 falsa
496 1418 638 1485 fratribus
656 1420 785 1469 obiiciunt
799 1433 882 1484 usque
899 1420 937 1468 ad
952 1421 1054 1470 eritnsn

498 1503 549 1536 non
576 1490 775 1537 communicent.

156 1550 237 1631 Eos,
268 1569 315 1637 qui
341 1565 448 1636 satsat)
476 1567 611 1643 fratribup
636 1569 797 1638 capituls⁵)
831 1569 970 1622 obiecisse
996 1570 1116 1622 convicti

156 1634 277 1702 fuerint,
303 1637 409 1704 placuit
432 1653 521 1705 usqua
544 1638 579 1690 ad
604 1640 710 1689 exitum
730 1653 784 1690 non
802 1640 1010 1690 communicare
1029 1638 1116 1705 (sicut

157 1719 259 1773 magna
289 1705 454 1772 synodus⁶)
484 1712 551 1759 ante
576 1707 753 1776 coustituit),
779 1707 870 1775 nisit)
895 1705 982 1775 digna
1006 1706 1117 1758 satisfa-

157 1774 250 1825 ctione
268 1774 469 1841 poenituerint.

174 1874 204 1925 C.
220 1873 268 1924 lit.
305 1877 359 1936 Qus·
383 1877 454 1938 quod
476 1877 565 1924 obicit
583 1876 700 1938 probum
724 1889 776 1924 nass
796 1876 883 1939 natet,
907 1877 938 1924 dc
954 1884 1041 1926 cetero
1063 1881 1100 1928 ad

196 1945 362 2006 arguendum
375 1959 428 1993 non
444 1947 604 2003 admittitur,
624 1947 680 1994 ns'si
689 1947 830 2006 proprian
847 1959 959 1996 causans
976 1948 1076 1996 eioiim

156 2013 159 2019 ’
429 2014 568 2061 duntaxat
583 2027 706 2063 ussum
722 2015 845 2063 noiuesu't.

222 2094 290 2191 itens
313 2091 418 2147 Felix
442 2093 521 2165 Papa
545 2098 716 2230 izaqueqqnss
738 2098 882 2160 denotati,
910 2099 1049 2164 Episcopis

157 2225 193 2295 Si
211 2249 407 2297 accusatorum
426 2260 565 2314 personae
579 2249 608 2299 in
625 2247 730 2299 iudicio
748 2248 943 2316 episcoporum
961 2248 1114 2318 culpabiles

64 2310 72 2317 “
157 2315 354 2380 apparuerint,
375 2313 411 2365 arl
430 2315 603 2382 arguendum
623 2319 771 2384 episcopos
789 2315 824 2366 de
840 2322 936 2369 cetero
948 2316 974 2384 b)
997 2333 1051 2370 noa
1070 2319 1117 2369 sd·

156 2383 326 2432 mittantur⁹
349 2417 357 2443 ,
379 2383 430 2433 nisi
452 2385 580 2450 proprias
597 2398 698 2435 causas
717 2397 845 2436 emerere
864 2384 933 2452 (non
952 2395 1048 2438 tamen
1065 2389 1116 2438 cri·

156 2449 275 2501 minnlea
293 2464 326 2502 re
355 2449 576 2517 ecclesiasticas)
594 2452 743 2504 voluerint.

223 2530 351 2584 Gratian-
388 2537 473 2596 Quuns
498 2552 561 2600 erqo
581 2540 629 2599 qui
639 2539 720 2609 fuiss
738 2537 874 2596 frutribus
892 2538 1117 2601 efficiunturque

155 2603 313 2651 aderitum
330 2605 402 2651 citae
422 2620 441 2652 a
458 2607 638 2654 conmunione
655 2606 850 2668 prohibeantur
857 2621 870 2666 ,·
893 2621 974 2668 μυ·
994 2608 1048 2671 ilfi,
1072 2611 1119 2670 qui

156 2672 184 2717 s'n
208 2673 386 2734 episcoporum
411 2673 506 2721 iudicio
528 2675 668 2734 capabiles
686 2677 874 2736 inaniuntur,
898 2676 935 2722 ad
953 2678 1115 2738 arguendum

156 2739 187 2785 ds
206 2746 292 2786 cetero
311 2741 419 2787 admitti
430 2741 640 2801 prohibeantur:
657 2750 787 2804 apparet,
808 2743 878 2804 quod
894 2745 921 2790 in
938 2747 1025 2806 primo
1043 2749 1116 2806 capi-

156 2808 211 2854 tulo
230 2806 381 2867 deficientes
399 2815 528 2872 tanquan
540 2810 679 2875 falsorum
692 2811 835 2860 obiectsres
846 2813 884 2859 ud
899 2814 1037 2875 sequentia
1050 2829 1116 2876 pro-

156 2876 247 2924 cedere
265 2891 317 2924 nen
334 2877 433 2926 natent.

374 3038 759 3118 Quaos'rlo
810 3026 896 3111 XI.

416 3188 421 3195 -
507 3158 762 3212 arssrrsuus

222 3241 243 3295 l.
260 3239 358 3294 Pars.
394 3244 431 3295 Ad
448 3253 575 3295 accusato
592 3261 655 3295 vero
672 3246 869 3294 accusationem
887 3248 916 3294 in
930 3254 1115 3297 accusatorem

154 3314 239 3378 serti,
258 3314 399 3362 nsuttoruns
415 3315 621 3364 auctoritatibus
637 3313 803 3376 prolatatur.

253 3396 301 3445 Ais
319 3399 387 3446 enirn
406 3394 619 3465 Stephanus
638 3395 732 3464 Papa,
751 3399 826 3460 epist.
840 3397 883 3448 11.
903 3394 1018 3463 c.7.¹)=

189 3496 220 3550 C.
237 3495 259 3549 l.
293 3498 435 3566 Accusati,
454 3503 508 3550 nisi
521 3503 597 3563 prius
614 3513 643 3548 ss
656 3502 849 3564 purgaverint,
868 3501 935 3549 otios
951 3514 1083 3551 accusare

535 3584 588 3617 non
609 3575 731 3630 possunt.

155 3628 299 3717 Neganda
322 3653 368 3701 est
391 3651 530 3702 accuratio
553 3649 669 3702 licentia
694 3647 876 3712 criminandi,
901 3649 1063 3719 priusquam
1082 3664 1113 3702 ae

155 3717 288 3778 crimine,
306 3732 362 3785 quo
400 3726 558 3782 remuntur,
577 3719 723 3779 exuerint,
743 3718 808 3785 quia
826 3732 880 3768 non
892 3717 919 3783 ²)
938 3726 982 3769 est
1000 3716 1114 3768 creden·

154 3781 220 3835 dum
240 3791 339 3836 contra
359 3733 396 3836 af

154 3854 211 3903 cati
229 3856 346 3916 sunt³)‚
366 3855 418 3904 nisi
436 3870 467 3906 se
485 3857 564 3922 prius
581 3854 763 3920 probaverint
780 3855 960 3916 innocentes,
981 3855 1112 3920 quoniam

151 3920 313 3987 periculosa
331 3927 375 3972 est
394 3928 424 3974 et
440 3923 553 3975 admitti
570 3937 626 3973 non
645 3920 731 3974 debet
750 3922 792 3972 rei
810 3920 948 3973 adsersus
965 3935 1115 3990 quemcun-

153 4002 209 4057 que
226 3987 375 4058 professio.
713 3983 718 3991 '

452 4124 457 4135 ι
496 4090 526 4143 C.
544 4089 579 4143 il.
615 4092 658 4141 De
674 4092 771 4140 eodens.

389 3787 430 3837 ios
450 3801 546 3839 eorum
568 3785 753 3848 confessioni,
779 3785 825 3852 qui
844 3785 1007 3836 criminibus
1026 3785 1115 3852 impli-

142 4164 149 4173 '
175 4158 246 4225 'ssu
261 4173 317 4224 rx.
338 4173 756 4243 coo.,us.1.,s.1s.rnnpp.
776 4173 1078 4242 Valentinianus,

357 4240 495 4294 Valens
520 4247 550 4294 et
575 4241 800 4306 Gratianus,
826 4242 903 4294 AAA.

150 4304 294 4393 ngsnda
312 4328 357 4377 est
372 4328 512 4378 accusatis
527 4326 625 4395 (quit)
641 4341 697 4379 noa
716 4341 783 4380 suas
800 4340 975 4395 sororumque
991 4325 1111 4378 iniurias

422 266 634 341 oaoos‘lt
664 262 879 340 SECUNDA
906 266 1028 339 PARS
1064 264 1215 338 CAUSA
1236 262 1298 331 lll.
1328 262 1528 339 Quaeso.
1549 262 1595 331 X.
1617 261 1680 330 Xl.
1713 285 1743 333 o.
1762 264 1870 334 1-4.

2058 265 2126 337 lid

1163 420 1419 500 persequunturi⁵l
1442 429 1557 483 licentia
1577 431 1741 490 criminandi
1760 433 1788 485 in
1807 435 1867 503 parl
1887 433 1931 487 vel
1948 429 2048 488 minori
2066 436 2119 488 cri·

1164 501 1252 562 mine,
1280 501 1440 566 priusquam
1450 501 1476 567 ⁶)
1501 516 1533 550 se
1553 503 1683 565 crimine,
1711 517 1766 570 quo
1787 511 1965 569 premuntur,
1989 506 2118 556 esuarlnt

1162 566 1351 631 secundum²)
1369 568 1440 616 scita
1458 573 1584 619 ueterum
1604 566 1675 619 iuris'
1691 568 1883 623 conditorum:
1905 573 1945 622 ita
1962 577 2065 634 tamen,
2084 578 2116 626 ut
2188 574 2191 579 “

1161 642 1192 688 et
1208 637 1259 703 ipsi
1276 636 1475 702 inscriptiones
1493 643 1594 689 contra
1610 652 1660 690 eos
1677 639 1763 689 etiam
1779 639 1921 708 pendente
1934 643 2116 695 accusatione

1160 704 1303 773 deponere
1323 704 1440 770 possint.

1493 804 1524 857 C.
1542 803 1591 858 lll.
1626 807 1668 856 De
1686 809 1784 860 cedern.

1278 891 1346 940 Itcns
1364 905 1400 940 rr
1418 892 1521 940 decreto
1540 889 1720 942 lladriani
1742 889 1852 960 Papae,
1875 904 1900 943 e.
1919 890 1999 960 w)

1159 955 1225 1024 Non
1252 980 1297 1024 est
1320 973 1491 1026 credendum
1518 980 1618 1026 contra
1644 975 1715 1027 alios
1740 991 1836 1027 eorrrm
1857 975 2043 1038 confessioni,
2068 974 2117 1044 qui

1159 1041 1321 1093 criminibus
1347 1043 1540 1109 implicantur,
1568 1045 1621 1095 nisi
1644 1059 1675 1094 se
1695 1045 1772 1112 prius
1790 1043 1970 1110 probaverint
1988 1046 2117 1096 innocen·

1160 1112 1306 1177 tes,.quia
1324 1111 1482 1176 periculosa
1500 1117 1544 1162 est
1563 1117 1592 1163 et
1612 1111 1722 1163 admitti
1741 1127 1795 1164 non
1817 1111 1902 1164 debet
1919 1114 1963 1164 rei
1979 1111 2117 1164 adsersus

1159 1193 1354 1246 quemcunque
1376 1177 1513 1246 professio
1525 1181 1560 1241 ⁹).

1228 1245 1356 1297 Gratiam
1388 1248 1445 1295 lfoc
1463 1255 1551 1295 autern
1570 1238 1765 1310 intelir'geuduin
1782 1250 1867 1297 estin
1881 1249 2006 1309 pari-sei
2022 1248 2121 1297 minori

1158 1317 1277 1366 crimine.
1314 1319 1434 1365 Ceterum
1451 1319 1478 1364 si
1493 1319 1524 1363 cie
1542 1318 1641 1364 maiori
1657 1320 1767 1365 crimine
1786 1332 1844 1365 euns
1860 1332 1991 1366 accusare
2007 1312 2121 1364 ootoe'rts

1159 1385 1270 1446 (veluti,
1297 1387 1323 1433 si
1344 1393 1487 1432 accusatus
1507 1387 1538 1432 de
1551 1386 1752 1448 fornicatione,
1778 1388 1810 1434 de
1824 1388 1961 1447 periurio,
1986 1386 2017 1431 de
2033 1384 2118 1432 none

1159 1455 1243 1511 cidio,
1269 1454 1312 1500 oei
1333 1455 1461 1511 simonia,
1487 1454 1529 1500 ref
1544 1455 1657 1514 quolibet
1675 1456 1728 1502 alib
1745 1455 1895 1502 Auiusnsorli
1910 1455 2020 1502 crimine
2037 1465 2119 1500 aecu-

1157 1528 1273 1568 satorcus
1291 1535 1369 1570 suurn
1386 1524 1509 1581 inpetere
1525 1523 1659 1586 onirocrit),
1678 1523 1719 1571 Ais
1737 1523 1940 1570 auctoritatibus
1956 1536 2010 1568 non
2024 1519 2118 1581 praili-

1157 1591 1242 1639 octor.
1283 1588 1305 1653 p.
1323 1591 1346 1639 l.
1368 1589 1517 1651 Aliquando
1542 1594 1610 1637 enirn
1635 1593 1783 1640 crisssirsaiis
1807 1594 1927 1653 quaestio
1948 1590 2121 1651 praeiudicat

1159 1655 1245 1718 cicili,
1270 1658 1414 1717 ais‘quando
1439 1658 1615 1724 crinsinstit).
1656 1659 1729 1707 Unde
1753 1663 1780 1707 in
1800 1660 1844 1706 lid.
1862 1659 1918 1706 111.
1937 1659 1999 1707 Cori.
2023 1659 2065 1704 tit.
2086 1656 2118 1704 de

1159 1727 1252 1773 ordine
1269 1726 1443 1785 iudiciorum,
1461 1727 1518 1788 iege
1534 1725 1576 1789 4.,
1596 1728 1710 1789 legitur:
1741 1726 1821 1777 civiti
1841 1727 2006 1793 quaestione
2017 1723 2060 1788 ιο)
2079 1723 2120 1772 in·

1159 1794 1290 1842 termissa
1315 1807 1400 1858 saepe
1430 1794 1475 1855 lit,
1502 1798 1534 1841 ut
1557 1796 1634 1858 prius
1660 1794 1695 1845 de
1714 1796 1830 1846 crimina
1848 1793 2004 1859 iudicetur,
2033 1789 2118 1860 qood,

1160 1867 1259 1928 utpote
1281 1860 1386 1922 maius,
1405 1861 1505 1911 minori
1523 1862 1624 1912 merito
1645 1861 1817 1928 praefertur.

1590 1979 1620 2029 C.
1641 1977 1690 2030 tv.

1257 2050 1325 2112 ftern
1347 2062 1393 2114 lid.
1415 2063 1470 2112 IX.
1496 2064 1560 2114 cod.
1584 2065 1626 2112 tit.
1650 2064 1684 2111 de
1704 2063 1763 2126 iiis,
1787 2064 1834 2127 qui
1855 2076 1944 2112 accus.
1968 2074 2021 2110 uon

1495 2190 1497 2195 ,
1534 2139 1655 2194 possunt.
1679 2133 1742 2193 tl.
2069 2138 2073 2155 ¹

1159 2195 1246 2264 Prius
1268 2216 1328 2275 est,
1353 2218 1385 2264 ut
1403 2213 1579 2278 criminibus,
1607 2229 1679 2281 quae
1700 2214 1751 2266 tibi
1771 2220 1804 2264 ut
1819 2213 1952 2282 graviora
1968 2211 2003 2263 ab
2021 2207 2120 2263 adrer-

1160 2283 1235 2332 sario
1263 2287 1312 2332 tuo
1338 2280 1522 2344 obiiciuntur,
1550 2285 1646 2334 caedis
1671 2288 1756 2350 atque
1773 2282 1919 2332 vulnerum
1937 2278 2118 2346 respondeas,

1160 2356 1188 2400 et
1212 2355 1279 2400 tunc
1305 2361 1338 2400 ex
1363 2356 1464 2401 eventu
1486 2365 1589 2401 causae
1612 2349 1697 2402 iudex
1717 2350 1895 2412 aestimabit,
1921 2363 1956 2399 an
1983 2347 2034 2398 tibi
2058 2359 2120 2415 per·

1160 2416 1326 2468 mittendum
1351 2418 1388 2467 sit
1413 2416 1534 2470 eundem
1559 2433 1715 2481 accusare,
1735 2419 1848 2470 tametsi
1865 2418 1943 2486 prior
1962 2415 2120 2482 inscriptio·

1159 2500 1221 2536 nem
1242 2484 1278 2537 de
1299 2487 1408 2536 osuisti.
1440 2496 1446 2505 ’
1843 2486 1846 2491 ’
2047 2512 2051 2518 -

1225 2552 1259 2604 ΙΙ.
1278 2500 1375 2603 ssars.
1411 2552 1540 2605 cratian.
1573 2553 1721 2615 Aliquando
1746 2554 1830 2603 cisr'fis
1848 2553 2022 2615 praeiudicat
2037 2548 2142 2612 cirili,-

1159 2623 1301 2684 aliquendo
1325 2624 1467 2673 criminali.
1503 2624 1579 2670 Sicut
1602 2624 1671 2670 enim
1695 2624 1723 2669 in
1741 2625 1850 2683 septs'nso
1868 2622 1910 2671 oo.
1929 2621 2052 2682 Codicis,¹
2074 2621 2117 2669 stt.

1159 2693 1190 2738 de
1203 2692 1295 2738 oroiine
1307 2693 1491 2753 cognitionum,
1512 2691 1529 2740 t.
1548 2691 1588 2738 sa·
1605 2692 1644 2737 de
1663 2691 1884 2752 hereditate,
1905 2689 2002 2752 iegitur
2013 2683 2070 2748 ι’γε
2086 2682 2118 2737 si

1160 2757 1195 2808 de
1213 2754 1370 2808 hereditate
1389 2765 1417 2808 ct
1435 2756 1567 2810 libertate
1586 2758 1779 2807 controversia
1796 2762 1849 2818 est,
1870 2757 1946 2823 prius
1965 2754 2011 2821 agi
2029 2764 2117 2803 musa

1159 2825 1299 2876 libertatis
1316 2822 1409 2875 debet.
1445 2826 1512 2873 Iseon
1530 2828 1586 2888 lege
1603 2824 1790 2891 seqreenti¹²):
1817 2825 1838 2890 ᾗ.
1853 2825 1879 2876 1.
1898 2822 1927 2873 Si
1945 2823 2050 2874 crimen
2069 2818 2121 2870 ali·

1160 2890 1394 2959 quodinferatur
1416 2891 1457 2955 ei,
1483 2894 1530 2959 qul
1549 2894 1687 2960 ingenuus
1705 2906 1768 2944 esse
1786 2888 1940 2959 nocituri),
1965 2895 2032 2940 ante
2049 2886 2118 2939 libs·

1160 2960 1226 3010 ralis
1246 2974 1333 3010 causa
1350 2975 1401 3011 suo
1423 2960 1521 3011 ordine
1540 2964 1585 3028 agi
1604 2960 1704 3023 debet,
1728 2961 1916 3026 cognitionem
1941 2971 2020 3008 suam
2034 2964 2118 3022 prae·

1161 3029 1222 3080 sida
1240 3028 1403 3095 praebente,
1421 3031 1551 3095 quoniam
1572 3043 1687 3080 necessa
1705 3033 1748 3103 ept
1766 3033 1831 3078 ante
1848 3028 1921 3088 sciri,
1940 3027 1964 3076 sl
1983 3024 2117 3077 delictum

1160 3097 1307 3162 probatum
1333 3094 1432 3158 luerit,
1459 3103 1550 3147 utrum
1575 3102 1606 3147 ut
1629 3099 1657 3147 in
1682 3095 1818 3160 liberum,
1843 3108 1879 3147 an
1902 3101 1933 3145 ut
1953 3094 1982 3144 in
2002 3103 2116 3146 serrum

1159 3165 1292 3217 constitui
1310 3170 1442 3230 oporteat
1461 3164 1604 3215 iudicium.

1226 3229 1392 3283 lll.l‘ars.
1427 3233 1512 3281 loen:
1536 3232 1597 3299 §.2
1618 3228 1724 3297 Qui¹²)
1753 3230 1903 3280 confitetur
1927 3228 2115 3296 sopaticon-
2178 3271 2194 3287 ,

1159 3300 1325 3351 troversiam
1343 3305 1449 3361 status,
1466 3298 1573 3351 frustra
1591 3298 1715 3366 postulat
1731 3297 1784 3348 sibi
1804 3297 1864 3348 dari
1899 3301 2053 3348 'otestatem
2072 3308 2117 3347 ac·

1159 3367 1276 3419 cusandi
1301 3381 1380 3431 cum,
1405 3368 1451 3434 qui
1479 3383 1510 3419 se
1529 3382 1610 3418 auum
1630 3365 1772 3417 dominum
1793 3379 1856 3416 essa
1886 3370 1988 3416 utetur.
2023 3365 2117 3416 Causa

1158 3450 1225 3487 vero
1248 3434 1358 3486 liberali
1380 3437 1544 3499 terminata,
1569 3435 1593 3485 si
1610 3448 1709 3485 servus
1727 3433 1929 3501 pronunciatus
1946 3430 2049 3493 fucrit,
2069 3429 2116 3482 do·

1159 3505 1262 3554 minum
1282 3518 1363 3554 suum
1385 3517 1520 3554 accusare
1545 3517 1599 3553 non
1623 3502 1737 3568 poterit.
1773 3504 1875 3550 Codicis
1892 3502 1937 3552 lii.
1953 3500 2007 3550 nt.
2033 3502 2074 3549 tit.
2089 3501 2115 3553 l.

1158 3574 1176 3622 l.
1198 3573 1361 3634 penultimo:
1396 3570 1458 3638 pi.
1480 3570 1562 3637 δι”)
1587 3571 1648 3637 quis
1676 3583 1710 3620 es
1734 3567 1919 3620 fanmiaribus
1945 3567 1988 3618 rel
2004 3565 2041 3619 'ex
2058 3579 2116 3617 ser·

1158 3641 1199 3690 sis
1224 3638 1373 3691 cuiuslibet
1398 3637 1497 3690 domus
1521 3641 1712 3704 cuiuscunque
1739 3638 1864 3688 criminis
1891 3634 2003 3687 delator
2027 3638 2057 3684 at
2077 3647 2114 3686 sse

1158 3715 1307 3779 accusptor
1324 3709 1485 3768 essrerserit,
1505 3707 1565 3757 cius
1583 3707 1833 3768 existimationem,
1859 3709 2046 3771 caputatque
2073 3715 2115 3753 or·

1157 3784 1240 3826 trinas
1260 3775 1416 3842 petiturus,
1441 3776 1520 3826 cuius
1539 3774 1723 3825 familiaritati
1743 3773 1788 3824 rel
1806 3773 1930 3826 dominio
1951 3769 2114 3832 inhaeserit,

1156 3850 1223 3895 ante
1247 3841 1444 3894 exhibitionem
1475 3844 1587 3893 testium
1615 3849 1700 3907 atquc
1718 3841 1956 3895 examinationem
1972 3837 2068 3889 iudicii
2086 3839 2115 3888 in

1155 3914 1217 3979 ipsa
1242 3912 1415 3977 expositione
1441 3911 1586 3960 criminum
1612 3915 1697 3976 atqua
1719 3909 1909 3960 accusationis
1934 3904 2049 3959 exordio
2074 3904 2114 3957 ul·

1154 3988 1217 4031 tore
1235 3978 1330 4046 gladio
1348 3977 1474 4028 feriatur.
1513 3977 1614 4029 Vocem
1634 3977 1707 4027 enim
1725 3975 1866 4028 funestam
1884 3973 2013 4026 intercidi
2033 3986 2120 4040 opor,

1155 4053 1197 4099 tet
1210 4048 1303 4113 potius
1317 4060 1399 4114 quarn
1416 4045 1517 4096 audiri.
1546 4043 1704 4095 Maiestatis
1716 4050 1811 4095 sutem
1828 4040 2111 4112 crimenescipimus.

1155 4116 1447 4167 similitutudinis:
1475 4113 1497 4179 p.
1514 4110 1539 4164 l.
1565 4112 1594 4164 Si
1617 4111 1711 4162 liberti
1735 4116 1916 4162 accusatores
1932 4108 2114 4160 manumisso·

1154 4199 1216 4237 rum
1235 4181 1405 4234 heredumre
1424 4196 1486 4233 esse
1506 4180 1742 4246 praesumserint,
1765 4177 1864 4230 eodem
1884 4191 1943 4244 quo
1958 4175 2032 4226 sarsi
2048 4189 2113 4256 sup·

1154 4254 1238 4322 plicio
1257 4251 1447 4313 tenebuntur,
1463 4248 1560 4300 luituri
1577 4260 1684 4316 poenas
1701 4243 1941 4315 anteprobib'rtae
1960 4243 2111 4298 delationis

1154 4319 1311 4376 exordium.

1833 4454 1845 4493 b

680 4490 1070 4549 donationes
1119 4479 1585 4557 co-oaacuoaom.

220 4589 371 4654 Quaest.
392 4589 428 4644 X.
463 4593 495 4660 a)
513 4592 772 4650 Deficientss=
806 4597 849 4647 ΙιιΙ
860 4595 983 4663 vulgatis
1006 4595 1108 4647 codici·
1150 4592 1238 4644 dictio
1264 4593 1348 4641 moitis
1375 4586 1546 4639 auctoritate
1570 4585 1697 4635 ratarum
1720 4579 1865 4635 coelicam:
1897 4578 1969 4635 liam
1987 4576 2033 4632 bic
2050 4585 2111 4633 tan·

70 4636 75 4643 ·
151 4656 241 4727 bunt)
264 4660 429 4728 legebatur:
454 4671 532 4712 tutes
555 4664 723 4730 deficientes,
749 4663 799 4716 sed
818 4671 957 4732 expuncta
975 4670 1020 4716 est
1037 4678 1107 4715 sons
1151 4669 1209 4711 tum
1235 4661 1345 4779 aqitur,
1373 4654 1486 4725 quando
1510 4666 1598 4705 causa
1621 4651 1775 4702 criminalis
1800 4649 1874 4702 civili
1897 4656 1948 4702 aut
1972 4648 2110 4701 criminali

152 4735 258 4808 'mitis
294 4742 347 4779 uas
372 4727 454 4780 abest
478 4727 505 4780 s‘
519 4730 662 4800 plerisque
686 4734 806 4786 vetustis
830 4730 983 4783 codicibus.
1027 4731 1106 4794 Quae
1150 4729 1247 4796 praeiu
1269 4729 1335 4779 icet.
1368 4725 1400 4776 ln
1424 4722 1553 4791 sequenti
1573 4723 1667 4769 autem
1684 4719 1752 4785 cci.
1770 4719 1920 4782 Aliquando
1940 4721 2040 4781 mortis,
2065 4730 2110 4771 ea·

152 4797 272 4847 animm
309 4810 343 4847 ac
361 4798 526 4864 quaestione
545 4799 719 4865 afferuntur,
743 4815 798 4852 non
815 4800 971 4863 adtestes,
997 4800 1048 4851 sed
1068 4799 1106 4852 ad
1150 4797 1280 4864 ponitur,
1298 4791 1412 4864 quando
1429 4791 1518 4842 civilis
1536 4786 1655 4840 etcisill
1674 4791 1704 4839 et
1722 4787 1860 4839 criminali
1879 4786 2067 4853 praeferatur.

1216 4862 1310 4917 olv.
1345 4860 1452 4929 blssi,
1478 4859 1540 4927 qui
1564 4855 1747 4924 ingennus
1774 4855 2042 4908 esse'dicitur:
2076 4848 2108 4902 ln

151 4868 335 4916 accusatores
356 4867 505 4931 pertinent.
539 4866 576 4919 Et
594 4872 723 4937 superius
740 4869 821 4920 initio
839 4881 942 4919 causae
960 4867 989 4917 la
1008 4881 1105 4936 propo
1148 4930 1157 4983 ¹
1197 4933 1298 5000 enm
1321 4936 1381 4985 m:
1411 4944 1491 4994 qm
1516 4930 1658 4991 mmm
1679 4939 1736 4974 mo
1756 4926 1830 4976 dicis.
1864 4921 2011 4973 Mulierem
2031 4917 2109 4971 mm

149 4931 252 4984 sitione
269 4929 352 4983 liuius
369 4934 548 5000 quaestionis
559 4935 698 4990 10..nulla
714 4943 759 4989 est
778 4937 882 4989 mentio
899 4936 1025 4988 testium.
1682 4992 1688 5005 Ι
1756 4992 1762 5004 Ι
1879 4990 1885 5003 ·
2070 4986 2076 5000 ι

218 4999 313 5052 c.lll.
355 4999 387 5069 b)
411 5001 620 5071 Episcopus
652 5005 695 5058 de
728 5011 871 5056 ceteros
914 5002 1006 5055 Vocas
1032 5003 1105 5055 lstsa
1148 4999 1175 5052 al
1187 5002 1310 5069 oquitur.
1343 4998 1438 5062 Quare
1463 4995 1546 5064 paulo
1570 4993 1656 5044 οιίιιι
1681 4989 1815 5055 inferrus,
1839 4985 2109 5056 ubrapudilrstsa·

151 5064 255 5118 absunt
277 5067 313 5119 ab
339 5069 469 5120 omnibus
492 5073 611 5125 vetustis
634 5073 778 5126 codicibus
787 5073 842 5137 **),
868 5075 897 5125 st
914 5072 1017 5123 ceteris
1035 5071 1104 5123 locis
1148 5082 1214 5120 num
1230 5069 1349 5138 legitur:
1368 5076 1458 5117 utrum
1476 5073 1507 5114 ut
1522 5067 1549 5112 tn
1567 5062 1677 5111 litorum
1695 5068 1721 5108 ct
1738 5062 1889 5122 ingenuan,
1907 5073 1944 5106 an
1963 5063 1994 5105 as
2009 5057 2037 5103 tn
2050 5068 2107 5105 ser·

149 5133 290 5186 ludicatis.
323 5136 430 5188 Auctor
449 5144 543 5191 tamen
563 5155 645 5193 casus
664 5157 714 5195 eos
732 5140 829 5193 habuit
846 5145 876 5193 et
895 5137 1071 5207 ponderavit.
1146 5153 1224 5199 uuus,
1250 5139 1278 5188 ln
1295 5136 1360 5205 lega
1379 5141 1436 5187 ests
1463 5141 1553 5184 ntruns
1571 5132 1646 5179 stin
1663 5129 1775 5176 onnon
1793 5135 1821 5177 es
1836 5129 1994 5187 ingenuan,
2021 5137 2058 5171 sn
2076 5128 2109 5173 ut

216 5202 365 5266 Quaest.
390 5205 440 5256 ΧΙ.
482 5207 577 5260 otti.
614 5210 645 5278 a)
668 5208 873 5279 Aliquando
899 5207 1104 5260 criminalis
1147 5208 1329 5257 inencittoss.
1364 5202 1650 5264 nauseamque
1687 5192 2020 5261 totimrtcisslltgtto
2036 5187 2108 5267 0¹¹5

148 5269 238 5324 Antea
261 5271 426 5340 legebatur:
451 5276 594 5339 siquando
615 5281 700 5331 civito
723 5280 876 5341 crininots·,·
903 5282 1043 5345 expuncta
1058 5280 1105 5328 est
1146 5276 1241 5327 tinum
1257 5287 1311 5326 sno
1327 5271 1412 5326 arado
1430 5271 1459 5322 in
1475 5277 1647 5322 summanr
1685 5261 1752 5331 agit.
1979 5318 1985 5329 ,

203 5440 380 5494 orasses.
408 5442 790 5502 o)add.oon.‘o.nr.ltsn-
818 5446 878 5494 cn
900 5442 1107 5502 nomana
1205 5442 1337 5497 onsest
1358 5438 1399 5486 xo
1435 5435 1498 5482 (3.1.
1527 5434 1539 5480 l
1572 5431 1652 5486 capnt
1669 5426 1928 5486 Pseudotstdorl,
1950 5424 2051 5482 neuton
2072 5434 2106 5474 cx

146 5497 384 5552 -ttnbanpoenlt
401 5502 452 5544 et.
474 5502 721 5550 Ruminalis.
750 5505 811 5552 call.
827 5508 855 5550 tr.
871 5515 894 5558 p.
909 5502 1105 5557 planco
1148 5481 2105 5545 moerente.s1.cs.mnsmemre.-auron1.r.esoa

146 5554 722 5613 1vorsn1.ac.os.uen.necare-
750 5559 1107 5618 annumerandas:
1147 5558 1277 5602 Assio.
1297 5552 1372 5600 c'tt.
1400 5545 1677 5595 lrot‘aaltatit.
1698 5540 1948 5618 dampnatio
1970 5562 1999 5573 —
2028 5541 2043 5586 t
2073 5536 2104 5587 e

147 5609 174 5656 c.
187 5611 216 5653 11.
230 5611 262 5666 a)
276 5613 331 5656 aab.
345 5622 393 5656 non
407 5613 487 5657 sertus
500 5615 594 5663 Attio.
612 5640 640 5650 -
655 5617 684 5662 ci.
700 5621 781 5664 tamen
794 5629 858 5674 qnae
872 5616 977 5662 diximus
992 5615 1024 5659 ad
1038 5625 1058 5659 c.
1068 5616 1105 5660 te.
1142 5613 1242 5658 inissa
1257 5613 1325 5657 3.-
1352 5604 1640 5664 &tantantummodo
1652 5603 1707 5647 coll.
1722 5612 1745 5648 o.
1766 5613 1802 5644 =
1829 5601 1856 5646 t..
1872 5600 1900 5643 n.
1923 5597 2030 5654 t)ntst.·

145 5666 389 5713 ult-colite.
406 5680 427 5723 p.
443 5671 641 5723 natusne.
662 5670 1105 5774 busensiacus-Agraina:
1145 5673 1279 5715 coll.o.-
1298 5661 1620 5722 lt)prossquaatur:lb.-
1640 5656 1995 5736 olntstqrtusuiddisa:
2056 5663 2104 5701 see.

147 5721 205 5775 ΜΒ·
220 5747 249 5757 -
263 5725 457 5770 abessaourco.
473 5750 502 5761 -
530 5727 561 5782 o)
576 5731 701 5782 coouooo:
717 5733 775 5786 orig.
790 5757 819 5767 -
834 5734 920 5778 omen.
936 5754 965 5764 -
1009 5728 1104 5784 leone.
1144 5752 1174 5762 -
1187 5727 1351 5772 romonum:
1373 5720 1450 5766 desid.
1464 5720 1489 5764 ln
1502 5719 1562 5765 lidd.
1576 5718 1632 5762 coil.
1647 5728 1670 5761 o.
1685 5727 1720 5770 pr.
1735 5717 1794 5762 len.
1810 5717 1828 5759 l.
1843 5712 1935 5765 Lundd.
1956 5740 1991 5752 -
2041 5711 2103 5755 ‚un

146 5778 272 5825 Arelast
293 5792 313 5825 c.
332 5781 368 5825 ld.
390 5805 419 5814 —
447 5783 477 5838 7)
491 5784 658 5836 edometur:
673 5788 716 5832 od.
732 5790 789 5833 Bas.
810 5801 846 5831 =
874 5791 901 5835 c.
917 5789 958 5833 111.
979 5785 1010 5840 8)
1026 5788 1104 5838 Caput
1144 5783 1218 5839 ΘΜ.
1234 5783 1309 5828 sdan
1326 5782 1443 5833 usupra
1460 5774 1773 5822 -Analnllneid-
1800 5766 2103 5826 enomesuosansas

145 5834 401 5897 Pseudolsidorl,
424 5839 453 5884 ci.
473 5852 540 5887 cone.
557 5842 639 5888 cartis
653 5845 676 5888 tr.
691 5844 723 5888 A.
737 5845 791 5890 soa.
811 5845 884 5891 e-tt.
904 5867 934 5879 --
954 5844 1013 5898 cap.
1028 5842 1102 5887 llsdr.
1143 5840 1280 5888 =c.1V.
1303 5835 1544 5893 roomoestooonc:
1565 5832 1625 5887 srle
1646 5854 1675 5866 -
1713 5829 1788 5883 lllt.
1806 5828 1843 5874 lli.
1864 5827 1924 5873 en.
1946 5848 1975 5860 -
2011 5822 2103 5878 ttllb

144 5891 461 5948 sermocinasse
489 5898 717 5945 nmnsmsa
745 5899 1103 5959 inrumpentia-
1143 5899 1251 5943 αι..
1279 5894 1373 5952 sape:
1393 5892 1452 5939 cr.
1473 5890 1536 5939 os.
1556 5885 1708 5937 rossanus
1729 5885 1801 5935 nors
1821 5881 1919 5944 mma
1939 5903 1969 5918 -
1998 5878 2102 5937 sapam

143 5948 410 6004 calamam-
436 5952 782 6010 eromusouerznsssn
1140 5947 1471 6012 menrasense.
